4142 5675
929 650 1143 714 ...27-

459 818 576 882 leeissc
599 817 765 899 videretur,
787 818 837 880 vel
859 818 995 882 ultimum
1019 820 1200 902 supplicium
1223 818 1328 881 subire
1350 824 1476 901 paratus
1493 826 1578 881 esset
1591 818 1612 903 ¹)

459 943 581 1007 eosque
610 926 847 1007 obsecraretur,
880 944 921 988 ne
952 926 992 989 de
1021 945 1057 990 se
1088 926 1216 991 absente
1239 927 1405 990 calumnias
1426 926 1613 1009 acciperent,

458 1031 517 1095 sed
540 1037 575 1095 ut
596 1032 623 1095 si
646 1032 725 1094 male
746 1030 875 1095 iecisset
895 1033 997 1095 statim
1020 1031 1250 1115 interficerent,
1274 1034 1383 1114 eisque
1408 1040 1480 1095 anle
1503 1033 1611 1093 oculos

458 1146 595 1222 poneret
616 1138 958 1219 prudentius-tacturos
980 1157 1067 1219 esse,
1090 1139 1117 1200 si
1139 1158 1176 1201 se
1197 1140 1306 1201 talibus
1329 1140 1505 1202 criminibus
1529 1156 1611 1201 one-

457 1252 559 1309 ratum
582 1262 644 1308 nou
667 1244 781 1309 indicta
804 1261 897 1307 causa
920 1264 988 1309 cum
1010 1251 1096 1308 tanto
1116 1244 1256 1308 exercitu
1279 1248 1444 1323 minorent,
1466 1246 1508 1307 illi
1529 1264 1610 1308 con-

457 1355 512 1414 tra·
530 1350 569 1414 ab
592 1349 723 1414 inimicis
747 1338 849 1435 'eius²)
884 1351 942 1415 sibi
962 1352 1145 1433 persuaderi
1165 1354 1248 1433 passi
1270 1360 1341 1415 sunt
1363 1372 1423 1415 nec
1443 1352 1625 1416 iustissimo*

458 1458 529 1520 eius
551 1456 709 1521 desiderio
734 1458 1035 1539 obtemperaverunt.

545 1567 640 1647 Atqui
670 1564 753 1648 apud
776 1564 961 1647 Sophoclem
990 1566 1110 1649 Creon,
1144 1567 1196 1648 qui
1229 1574 1320 1629 antea
1351 1567 1610 1629 atrocissimorum

457 1671 621 1736 criminum
644 1681 806 1738 accusatus
829 1681 891 1737 tum
916 1693 992 1756 vero
1016 1681 1087 1755 post
1109 1692 1158 1758 eu,
1181 1693 1261 1756 quae
1283 1676 1365 1738 lacta
1387 1682 1493 1756 erant,
1527 1673 1610 1735 omni

456 1780 549 1861 culpa
571 1779 720 1844 liberatus
742 1788 823 1865 erat,
859 1781 944 1842 venit
977 1781 1092 1844 amicus
1125 1789 1219 1862 atque
1253 1781 1397 1845 auxilium
1419 1779 1480 1842 lert
1498 1778 1609 1861 eidem,

456 1888 513 1969 qui
539 1902 658 1951 summa
690 1906 760 1951 enm
796 1888 908 1953 iniuria
943 1888 1102 1952 affecerat.
1160 1888 1249 1964 Quod
1273 1888 1384 1951 nobilis
1407 1896 1439 1951 et
1461 1886 1610 1971 generosi

456 2012 532 2060 esse
556 1994 650 2059 animi
671 1994 762 2059 facile
785 1995 993 2060 Athenienses
1015 2002 1161 2078 poterant
1182 1996 1367 2078 intelligere,
1393 2014 1452 2057 nac
1475 2013 1510 2057 se
1522 2000 1609 2057 recte

455 2103 588 2186 iecisse,
610 2104 636 2166 si
658 2102 811 2167 Alcibiadi
831 2106 970 2185 quamvis
992 2106 1108 2169 volenti
1130 2122 1170 2167 ne
1192 2104 1335 2168 iudicium
1359 2102 1482 2184 quidem
1504 2102 1608 2164 subire

458 2210 684 2291 permisissent.
1541 2197 1550 2207 ’

544 2316 589 2381 Εο
612 2335 689 2380 vero
713 2336 795 2398 quae
818 2323 977 2399 postremo
995 2319 1194 2400 exposuimus
1216 2336 1279 2380 non
1302 2318 1343 2379 ila
1367 2315 1447 2379 dicta
1471 2322 1551 2398 sunt,
1574 2321 1608 2377 ut

457 2424 647 2508 Sophoclem
669 2424 700 2486 id
723 2427 820 2506 ipsum
844 2425 1024 2489 fabulosus
1049 2426 1154 2509 egisse
1182 2432 1378 2506 putaremus3
1414 2423 1513 2485 teneri
1536 2430 1608 2483 tan-

456 2540 529 2595 tum
544 2531 685 2595 uolumus
708 2530 983 2595 etiambaecbene
1006 2549 1075 2595 cum
1099 2550 1207 2596 eorum
1231 2538 1396 2614 quactum
1421 2535 1510 2592 erant
1525 2536 1608 2592 tem-

456 2655 567 2719 porum
591 2638 769 2701 conditione
792 2639 948 2702 conciliari
972 2657 1082 2722 posse,
1106 2658 1143 2703 ac
1165 2641 1192 2703 si
1215 2640 1283 2721 quis
1306 2645 1412 2700 cetera
1435 2644 1523 2699 recte
1546 2656 1609 2716 exf

442 2745 559 2826 *posita
583 2752 675 2825 atque
698 2744 847 2814 illustrata
871 2763 944 2810 esse
976 2745 1174 2828 iudicaverit,
1208 2763 1248 2808 ne
1279 2744 1358 2808 haec
1391 2743 1513 2825 quidem
1545 2751 1606 2805 tam

456 2851 525 2916 veri
546 2851 703 2916 dissimilia
725 2869 798 2915 esse
821 2851 1015 2917 existimabit.

544 2956 583 3020 Ut
606 2959 713 3039 paucis
736 2958 775 3021 de
798 2957 847 3020 illa
871 2957 968 3039 pestis
992 2957 1202 3039 descriptione
1216 2957 1304 3021 cuius
1327 2957 1473 3020 momenti
1496 2958 1533 3019 sit
1556 2957 1607 3019 di-

456 3082 581 3147 eamus,
603 3065 693 3146 plane
715 3065 954 3130 Schneidewino
978 3067 1172 3149 assentimur,
1194 3065 1288 3149 qni⁵)'
1302 3065 1351 3128 bis
1373 3067 1466 3128 utitur
1487 3066 1604 3131 verbis:

458 3171 531 3248 „ich
551 3172 642 3235 sollte
666 3172 800 3256 denben,
823 3175 873 3236 ein
885 3173 1057 3254 Sophocles
1080 3173 1161 3236 babe
1183 3173 1267 3235 nicht
1289 3171 1399 3254 nothig
1419 3172 1532 3254 gebabt
1555 3173 1606 3236 die

456 3287 529 3360 pest
550 3287 614 3342 erst
635 3281 876 3364 rnitzumachen,
905 3300 957 3343 um
992 3281 1043 3344 die
1074 3281 1183 3344 iarben
1214 3281 1264 3342 fiir
1285 3281 1374 3344 scine
1397 3278 1544 3362 dichtung
1565 3299 1606 3342 zu

456 3386 640 3469 gewinnen:
676 3388 780 3451 hatten
811 3387 891 3452 doch
922 3388 983 3452 seit
1003 3387 1124 3452 lliasA
1154 3388 1235 3450 viele
1261 3387 1381 3450 dicbter
1403 3386 1604 3471 dergleichen

457 3492 663 3577 geschildcn,
696 3513 762 3557 war
795 3494 858 3558 ihm
891 3494 971 3559 doch
994 3493 1167 3578 Aeschylos
1190 3496 1284 3559 damit
1306 3493 1606 3578 vorangegangen.“

455 3600 537 3664 llinc
557 3601 652 3684 igitur
673 3608 757 3682 patet
779 3602 911 3665 labulam
933 3602 1055 3666 recenti
1077 3603 1174 3682 pestis
1187 3601 1336 3666 memoria
1359 3602 1419 3665 iam
1442 3602 1605 3666 obliterata

456 3705 560 3771 multis
582 3707 671 3771 annis
693 3715 764 3788 post
784 3708 879 3771 scribi
901 3709 1050 3790 potuisse.
1105 3708 1207 3788 Atque
1236 3708 1335 3789 quivis
1367 3726 1447 3772 unus
1475 3726 1543 3771 cum
1568 3708 1603 3772 G.

456 3815 635 3879 Hermanno
657 3817 786 3899 sentiet,
809 3816 898 3900 quit)
928 3835 993 3880 oon
1023 3815 1153 3898 dubitat,
1188 3817 1261 3896 quin
1281 3815 1490 3880 Athenienses
1514 3818 1604 3878 etiam
1701 3840 1703 3844 ·

458 3921 696 4004 quatuordeeim
720 3923 807 3986 annis
830 3931 900 4005 post
922 3924 1018 4004 pestis
1039 3921 1121 3986 illius
1143 3922 1217 3985 satis
1241 3939 1394 3984 memores
1415 3920 1539 3985 luerint.

529 4136 555 4206 1)
574 4133 619 4192 Cf.
637 4133 726 4193 Thuc.
746 4136 793 4205 Vl,
810 4141 847 4194 29
866 4139 921 4195 ima
941 4141 956 4195 ὁ
973 4141 1002 4196 δ’
1021 4145 1051 4197 ἐν
1066 4143 1103 4214 spi
1119 4142 1232 4213 παρόντι
1245 4141 1314 4212 προς
1329 4140 1360 4194 mi
1377 4141 1522 4212 μηνύματα
1539 4138 1604 4193 ἄπε-

455 4231 558 4313 tapam
576 4229 624 4283 καὶ
639 4229 745 4303 ἱεοῖμος
761 4226 794 4299 ἦν
811 4233 877 4305 πρὶν
894 4235 998 4289 ἐκπλεῖν
1015 4239 1165 4307 κρίνεσθαι,
1183 4237 1210 4290 εἴ
1224 4253 1248 4288 ιι
1264 4235 1362 4289 malm
1378 4235 1554 4305 εἰργασμένος
1571 4227 1604 4298 ἦν

457 4321 507 4388 ἤδη
524 4327 580 4393 γὰρ
598 4322 645 4376 καὶ
661 4323 693 4377 τᾶ
709 4325 752 4390 τῆς
769 4326 938 4395 παρασκευῆς
954 4328 1111 4399 ἐπεπόριστο
1128 4359 1162 4370 -
1187 4327 1234 4381 sui
1247 4329 1273 4381 el
1287 4325 1339 4398 μὲν
1356 4323 1454 4379 τούτων
1470 4343 1494 4378 τι
1511 4327 1603 4396 εἴργα-

456 4431 514 4481 στο,
537 4417 613 4483 δίκην
630 4417 739 4482 δοῦναι,
765 4421 790 4472 εἰ
805 4418 833 4472 δ’
852 4419 1013 4488 ἀπολυθείη,
1037 4420 1139 4492 ἄρχειν.

529 4507 558 4581 2)
576 4505 665 4564 Thuc.
685 4509 705 4563 Ι.
723 4525 764 4564 c.:
780 4511 939 4583 βουλόμενοι
957 4514 985 4567 ὲκ
1001 4515 1126 4585 μείζονος
1141 4512 1275 4583 daudet-is,
1293 4505 1449 4582 'rivipollen
1467 4507 1536 4580 ῥᾷον
1554 4506 1602 4560 ud-

456 4599 503 4654 τοῦ
520 4598 634 4662 ἆπόιπος
651 4605 769 4670 ποριεῖν,
792 4602 975 4675 μετάπεμπτοι
993 4606 1155 4678 κομισθέντα
1174 4602 1255 4659 αὐτὸν
1272 4601 1469 4674 ἀγωνίσασθαι.

529 4690 760 4765 &Lepw

526 4783 554 4854 t)
573 4781 605 4838 Ιι.
624 4802 650 4839 ο.
668 4803 697 4856 p.
714 4785 778 4841 803.
