4142 5675
925 615 1264 721 .-ae-¹

465 820 526 884 421
554 840 581 884 a.
605 821 675 885 Cbr.
697 841 745 907 n,
780 842 841 905 quo
873 830 1012 906 tempore
1034 822 1242 891 Athenienses
1273 830 1345 916 sibi,
1381 835 1612 914 quiescentibus

463 929 699 1010 Peloponnesiis
722 950 740 993 a
762 931 951 996 Boeotorum
984 936 1175 1013 potissimum
1204 938 1319 1018 impetu
1340 942 1486 1005 metuisse
1509 951 1613 1006 narrat

462 1036 545 1100 Xen.
560 1039 659 1130 illem.
683 1039 731 1123 111,
755 1037 784 1119 5,
806 1035 835 1100 d.
889 1037 1031 1101 Breviter
1059 1048 1161 1105 autem
1188 1043 1435 1126 consideremus,
1461 1064 1532 1108 uum
1556 1066 1612 1110 va·

463 1143 550 1205 leant
573 1162 619 1226 ea,
642 1163 722 1226 quae
746 1151 854 1210 contra
877 1143 957 1207 banc
980 1149 1164 1211 senientiam
1192 1149 1283 1212 allata
1306 1161 1390 1234 sunt,
1422 1161 1614 1234 argumenta.
1638 1198 1640 1201 >

554 1251 684 1315 Primum
705 1250 863 1333 Reisigius
878 1248 899 1333 ¹)
932 1258 1002 1331 post
1034 1253 1153 1316 cladem
1175 1255 1351 1320 Deliensem
1376 1259 1538 1323 ridiculum
1563 1261 1615 1323 lu-

463 1356 687 1423 turumiuisse
711 1357 841 1440 obiecit,
875 1358 927 1438 qui
946 1355 1190 1426 Atheniensibus
1219 1364 1379 1426 victoriam
1401 1364 1441 1427 de
1462 1364 1615 1427 Thebanis

464 1474 681 1547 auguraretur,
704 1483 773 1527 nam
792 1463 870 1527 adeo
893 1463 989 1529 fuisse
1013 1482 1069 1528 eos
1093 1464 1233 1549 afflictos,
1255 1473 1288 1528 ut
1311 1466 1350 1530 de
1374 1469 1502 1533 victoria
1525 1471 1616 1551 plane

465 1571 514 1632 eis
539 1571 763 1650 desperandum
783 1570 903 1634 luisset.
949 1569 1011 1634 Sed
1035 1570 1063 1633 si
1083 1589 1136 1634 res
1160 1589 1199 1634 eo
1215 1582 1412 1655 pervenerat,
1429 1582 1463 1637 ut
1479 1575 1510 1658 in
1527 1592 1616 1637 sum-

463 1678 530 1758 mis.
550 1676 701 1758 angustiis
723 1694 757 1739 se
781 1678 899 1740 versari
921 1682 1075 1761 putarent,
1092 1678 1176 1741 unde
1194 1679 1277 1743 nulla
1291 1678 1448 1741 bominum
1463 1678 1509 1741 vis
1527 1695 1616 1758 opem

464 1780 526 1843 sibi
548 1780 632 1843 ferre
654 1790 770 1865 posset,
794 1790 867 1846 tunc
888 1783 1031 1865 proiecto
1056 1791 1132 1866 erat,
1156 1802 1212 1845 cur
1233 1790 1324 1865 poeta
1350 1786 1494 1864 antiquae
1517 1784 1616 1847 viriu-

463 1888 505 1949 tis
528 1890 675 1951 memoria
699 1907 755 1952 eos
779 1890 916 1970 erigeret
939 1889 1043 1969 deque
1065 1889 1184 1970 patriae
1200 1897 1304 1953 terrac
1318 1891 1526 1971 aggressione
1539 1909 1616 1972 pro-

463 1996 561 2057 misso
585 1993 714 2057 deorum
737 1996 851 2059 auxilio
875 1995 1106 2076 consolaretur,
1129 2012 1232 2077 neque
1254 1995 1295 2059 ob
1318 2014 1387 2059 eam
1410 2014 1536 2060 causam
1558 2016 1617 2059 ve-

462 2101 592 2165 risimile
615 2111 683 2166 erat
704 2102 783 2186 iore,
806 2110 839 2166 ut
862 2121 918 2184 pro
940 2102 1066 2166 bomine
1088 2100 1219 2166 ridiculo
1243 2110 1334 2184 alque
1357 2102 1492 2165 absurdo
1516 2102 1616 2166 habc-

465 2216 563 2273 retur.
1006 2283 1007 2286 Ἴ

553 2316 675 2381 Deinde
698 2333 775 2379 vero
797 2316 1012 2379 Lachmannus
1034 2315 1126 2378 etiam
1148 2313 1276 2378 ulterius
1299 2316 1467 2395 processit:
1491 2313 1618 2395 Sopho-

466 2425 547 2487 clem
571 2443 610 2487 eo
634 2433 776 2504 tempore
799 2423 916 2486 civibus
939 2424 1063 2504 impium
1086 2424 1185 2486 visum
1214 2422 1324 2505 luisse,
1362 2424 1387 2485 si
1421 2424 1459 2488 dc
1490 2423 1618 2485 deorum

463 2535 648 2611 loqueretur
675 2530 788 2593 auxilio
811 2536 903 2611 atquc
926 2530 1075 2613 oraculis,
1098 2547 1178 2610 quae
1202 2530 1324 2610 quidem
1346 2537 1438 2592 autea
1461 2531 1521 2592 iam
1543 2529 1618 2591 nibil

463 2637 646 2721 valuissent,
680 2656 749 2699 cum
782 2634 921 2700 Thebani
956 2637 1115 2699 victoriam
1150 2634 1188 2698 de
1219 2634 1329 2699 Atticis
1360 2635 1617 2719 reportassent2).

466 2744 609 2807 Oraculis
632 2744 727 2825 igilur
748 2744 971 2826 promissisque
993 2743 1123 2806 deorum
1146 2742 1280 2806 futurum
1312 2744 1425 2827 luisse,
1454 2751 1488 2806 ui
1518 2747 1617 2827 magis

466 2853 714 2934 deprimerentur
737 2854 827 2915 animi
850 2836 1083 2914 Atheniensium
1106 2870 1197 2933 quarn
1221 2853 1425 2934 erigerentur.
1470 2851 1512 2915 At
1534 2871 1616 2916 con-

463 2967 512 3022 tra
534 2961 594 3023 boc
615 2959 783 3023 tenendum
806 2965 854 3022 est
875 2957 1060 3039 Sophoclem
1084 2976 1147 3021 ιιοιι
1165 2959 1303 3040 polliceri
1320 2959 1438 3022 civibus
1454 2961 1616 3023 victoriam

464 3067 554 3131 nullis
577 3068 745 3149 propositis
767 3066 1012 3145 conditionibus3
1034 3084 1105 3128 nam
1128 3068 1153 3128 si
1173 3067 1411 3149 consequeris,
1434 3085 1496 3129 ιιοιι
1519 3075 1614 3130 totam

463 3174 595 3240 Atticam
612 3174 795 3241 aTbebanis
808 3172 994 3237 incolumem
1017 3182 1163 3256 praestat,
1186 3176 1242 3239 sed
1263 3174 1360 3238 solam
1382 3177 1490 3239 urbem
1511 3175 1613 3238 Albe-

464 3285 628 3347 niensium.
673 3285 804 3347 Primum
828 3283 910 3346 enim
934 3300 1015 3363 quac
1039 3303 1068 3348 ι.
1091 3281 1155 3345 459
1179 3302 1225 3365 sq.
1248 3282 1407 3366 leguntur:

764 3386 841 3478 τῇδε
861 3390 922 3470 μὲν
941 3390 979 3479 τῇ
999 3391 1041 3479 γῇ
1061 3390 1165 3471 μέγαν

593 3495 702 3582 σωτῆρ’
723 3494 873 3580 α’ροῒσθε,
895 3505 960 3572 τοϊς
982 3496 1018 3560 δὲ
1039 3500 1096 3582 γῆς
1117 3497 1250 3581 ἐχθροῖς
1269 3495 1403 3570 πόνους,
1437 3515 1610 3578 quanquam

462 3619 501 3664 ea
524 3602 570 3665 sic
592 3607 679 3664 recte
705 3600 743 3664 ab
766 3602 802 3664 A.
825 3601 965 3667 Nauckio
990 3604 1155 3666 constituta
1180 3619 1251 3665 esse
1267 3602 1483 3683 existimamus,
1507 3607 1610 3664 lamen

461 3710 573 3789 siquo
596 3709 668 3772 loco
691 3714 764 3772 tunc
785 3707 923 3790 Oedipus
945 3716 1090 3774 versetur
1111 3717 1212 3772 tecum
1239 3691 1447 3791 hepuinveris,
1482 3708 1519 3771 ad
1543 3708 1608 3771 Co-

461 3816 566 3878 lonum
599 3820 716 3880 tanturn
750 3822 782 3880 et
813 3815 918 3880 urbem
941 3816 1131 3881 Athenarum
1165 3816 1329 3880 referenda
1361 3834 1431 3879 esse
1451 3816 1607 3894 censebis;

462 3923 579 3986 deinde
602 3924 693 3986 eiiam
715 3941 745 3988 v.
772 3920 854 3987 1533
877 3942 923 4004 sq.
947 3943 1039 4005 quem
1063 3943 1155 4007 supra
1168 3925 1327 3988 citavimus
1349 3941 1414 3986 non
1427 3923 1465 3985 ad
1478 3924 1607 3986 univer-

461 4048 526 4094 sam
549 4038 663 4095 terram
685 4031 827 4113 Atticam,
850 4031 904 4095 sed
929 4033 966 4095 ad
990 4039 1081 4115 caput
1102 4040 1220 4098 tantum
1231 4031 1370 4115 regionis
1387 4034 1523 4114 spectari
1545 4051 1606 4094 ne-

462 4154 523 4218 que
545 4156 574 4203 v.
597 4137 679 4202 1764
691 4157 737 4219 sq.
762 4145 870 4200 contra
893 4136 1015 4200 illorum
1036 4138 1176 4203 locorum
1189 4141 1372 4204 sententiam
1387 4138 1489 4202 ademi
1512 4156 1605 4221 posse

460 4244 651 4309 Sueuernius
664 4244 687 4328 ⁵)
709 4243 952 4307 luculentissime
975 4244 1196 4326 comprobavit.

545 4350 666 4413 Deinde
689 4351 779 4415 etiam
801 4349 898 4414 altera
922 4349 1071 4434 conditio,
1095 4351 1152 4414 sub
1177 4370 1237 4433 qua
1254 4351 1461 4416 Athenienses
1478 4350 1603 4413 Theba-

532 4535 557 4604 1)
575 4532 666 4589 Praei.
685 4532 718 4587 nd
738 4530 808 4588 Oet.
827 4531 887 4589 cot.
905 4551 933 4606 p.
954 4531 1013 4587 Vll.

528 4626 557 4696 2)
576 4623 691 4681 Confert
709 4623 797 4679 Tbuc.
816 4622 853 4690 11,
872 4627 919 4679 22:
942 4626 988 4679 καὶ
1004 4626 1160 4696 ἱππομαχία
1178 4643 1215 4685 τις
1232 4626 1331 4695 ἐγένετο
1349 4631 1463 4697 βραχεῖα
1482 4629 1510 4678 ἐν
1528 4633 1602 4697 φρο-

455 4721 527 4790 γίοις
544 4737 567 4772 κ.
584 4737 604 4772 τ.
622 4722 645 4772 l..

527 4805 808 4879 fflhcpffiq

1294 4905 1314 4967 3
