4142 5675
988 459 1045 524 ,a

996 666 1213 732 ..20-

527 832 599 895 belli
616 830 871 914 Peloponnesiaci
883 835 1122 900 Atheniensium
1145 816 1297 897 ciuitatem
1320 832 1476 918 invaserit,
1498 836 1681 916 respexisse

527 955 629 1018 neque
652 946 713 1002 tarn
736 948 881 1005 accurate
903 942 952 1004 hic
975 960 1043 1005 eam
1074 942 1299 1023 descripturum
1334 939 1443 1025 luisse,
1480 943 1539 1004 nisi
1574 922 1679 1006 sabula

527 1047 638 1109 eodem
661 1033 801 1130 tempore
827 1048 920 1113 docta
943 1058 1038 1115 esset.
1089 1049 1155 1112 lloc
1176 1050 1203 1112 si
1226 1065 1332 1110 verum
1356 1055 1455 1129 esset,
1489 1054 1578 1110 reete
1602 1065 1680 1110 sane

528 1158 657 1220 dixisset
677 1155 737 1219 lul.
761 1158 902 1240 Dropsen
936 1156 967 1219 in
990 1156 1071 1218 Berl.
1095 1154 1220 1219 Jahrhb.
1243 1154 1263 1218 f.
1288 1154 1370 1220 wiss.
1392 1154 1483 1217 krtttt
1509 1152 1594 1219 1833
1618 1156 1679 1221 rol.

440 1256 447 1268 ’
527 1265 558 1331 2.
581 1283 610 1346 p.
631 1262 706 1328 ttt:
730 1265 809 1346 „der
832 1272 916 1329 erste
939 1264 1089 1347 Oedipus,
1122 1262 1178 1324 der
1201 1277 1262 1324 von
1285 1260 1438 1324 Philohles
1461 1259 1679 1324 wahrsehein-

526 1369 586 1434 lich
609 1372 639 1433 in
664 1370 724 1434 den
747 1372 917 1452 Dionysien
941 1370 988 1435 01.
1012 1369 1065 1451 87,
1088 1367 1108 1430 3
1140 1369 1218 1433 oder
1247 1366 1284 1451 d,
1315 1368 1375 1431 den
1403 1368 1517 1432 beiden
1544 1368 1681 1451 grisoli-

528 1477 607 1540 chen
630 1478 818 1562 pestjahren,
841 1478 966 1561 hesiegt
987 1476 1119 1542 worden
1143 1478 1191 1559 ist,
1215 1477 1352 1558 geuinnt
1367 1475 1463 1538 durch
1477 1476 1586 1538 diesen
1602 1493 1680 1557 spn-

528 1585 720 1650 chronismus
743 1586 793 1649 ittr
816 1587 923 1649 seinen
946 1584 1060 1668 prolog
1088 1585 1160 1647 eine
1182 1582 1335 1647 wahrhait
1358 1583 1594 1648 ersohittternde
1616 1583 1679 1646 he-

528 1691 763 1755 deutsamheit.“
820 1693 861 1755 nt
889 1692 919 1754 id
950 1694 1049 1773 ipsum
1083 1692 1167 1771 quod
1201 1692 1274 1755 dicit
1297 1688 1584 1774 „hedautsamheit“
1607 1689 1679 1753 mihi

528 1799 699 1861 certissime
723 1797 840 1861 dooere
853 1798 977 1862 videtur
998 1796 1131 1860 tabulam
1151 1797 1212 1861 hoe
1232 1804 1372 1879 tempore
1396 1805 1494 1860 aetum
1518 1813 1591 1860 esse
1614 1814 1679 1860 non

528 1922 633 1985 posse.
690 1905 754 1968 Tali
788 1906 869 1967 enim
892 1905 988 1985 pestis
1011 1902 1221 1985 descriptione
1252 1905 1343 1966 animi
1367 1902 1621 1986 Atheniensium,
1655 1905 1680 1967 si

529 2011 638 2073 eodem
662 2018 800 2094 tempore
824 2010 885 2074 hoo
908 2010 988 2074 malo
1013 2011 1146 2073 omnium
1174 2011 1355 2093 gravissimo
1378 2010 1438 2091 ipsi
1460 2014 1680 2091 opprimeren-

528 2123 595 2199 tur,
628 2119 715 2180 nimis
740 2120 850 2197 opinor
879 2118 1018 2199 percussi
1050 2125 1164 2180 essent.
1222 2118 1371 2181 Malorum
1390 2114 1478 2180 'vero
1505 2119 1677 2180 recentium

528 2224 708 2286 memoriam
731 2242 820 2305 quam
845 2222 1010 2285 celerrime
1034 2222 1204 2286 obliterare
1227 2224 1392 2287 studebunt
1418 2241 1522 2305 neque
1542 2240 1677 2305 unquam

530 2329 570 2392 de
590 2331 672 2392 hona
687 2348 791 2393 rerum
808 2330 929 2393 iortuna
945 2328 1037 2409 plane
1053 2329 1277 2408 desperabant:
1300 2326 1354 2391 dni
1371 2336 1437 2401 ιοτς
1450 2326 1568 2403 δεινοῖς
1589 2325 1675 2392 εὐέλ-

528 2432 620 2508 πιδος
632 2443 721 2499 erant
735 2455 772 2499 ac
785 2437 884 2499 minus
897 2434 936 2498 de
951 2435 1026 2515 ipsis
1047 2435 1192 2516 periculis
1212 2454 1302 2516 quam
1319 2437 1477 2517 quomodo
1496 2437 1541 2501 eis
1558 2437 1677 2502 obviam

528 2544 610 2605 irent
633 2542 814 2623 cogitabant
829 2540 862 2626 ¹).
905 2541 1029 2604 Minime
1052 2547 1233 2603 autentum
1257 2561 1325 2606 cnm
1349 2542 1523 2623 perniciosa
1545 2543 1597 2606 illa
1620 2563 1677 2625 pe-

530 2650 585 2712 stis
609 2649 827 2729 rempublicam
851 2647 966 2728 optimo
990 2664 1117 2727 quoque
1139 2647 1208 2711 cive
1232 2650 1381 2731 privaret,
1416 2655 1529 2730 poetae
1560 2653 1677 2733 tragico

530 2754 707 2839 suasissem,
730 2760 762 2817 ut
776 2752 939 2835 Phrynichi
961 2751 1040 2817 illius
1063 2752 1235 2833 exemplum
1258 2753 1436 2837 imitaretur,
1461 2757 1512 2836 qui
1535 2773 1605 2818 enm
1629 2755 1677 2818 la-

532 2863 632 2926 bulam
645 2859 794 2946 Μιλήτου
816 2858 934 2933 ἅλιισις
956 2861 1133 2944 inscriptam
1157 2861 1274 2925 dooere
1296 2881 1390 2926 ausus
1413 2872 1507 2946 esset,
1530 2871 1676 2946 propter-

532 2988 569 3034 ea
593 2969 676 3051 quod
701 2974 879 3050 spectantes
902 2983 1042 3049 magnam
1070 2966 1150 3030 hanc
1178 2967 1383 3033 calamitatem
1406 2970 1464 3033 sibi
1496 2971 1528 3033 in
1557 2989 1678 3036 memo

531 3077 608 3139 riam
631 3076 774 3138 revocari
795 3092 891 3156 aegre
914 3071 1072 3155 ferebant,
1103 3091 1238 3154 poenam
1270 3076 1352 3140 mille
1374 3075 1589 3141 drachmarum
1612 3080 1677 3144 sol·

531 3201 606 3244 vere
630 3188 757 3246 coactus
780 3189 829 3244 est
838 3179 872 3264 λ).
932 3180 1025 3260 Atqui
1054 3182 1191 3243 nonnulli
1224 3181 1285 3245 hoo
1315 3183 1383 3263 ipso
1414 3192 1597 3266 argumento
1621 3186 1678 3267 usi,

532 3287 616 3370 quod
638 3286 799 3371 tragoedia
831 3287 911 3348 vieta
945 3287 983 3349 sit
1013 3284 1085 3347 hino
1119 3287 1333 3369 explicandum
1362 3307 1432 3353 esse
1455 3296 1573 3371 putant.
1616 3292 1677 3357 lam

533 3403 633 3455 autem
658 3394 767 3456 exeis
797 3409 877 3471 quae
908 3391 998 3453 allata
1020 3398 1092 3454 suut
1113 3402 1241 3476 apparet
1262 3395 1342 3457 hanc
1364 3400 1450 3458 certe
1472 3413 1622 3479 poenam,
1654 3396 1678 3459 si

532 3497 632 3560 fabula
656 3515 695 3560 eo
719 3513 780 3577 quo
803 3496 898 3577 pestis
921 3495 1058 3559 saeviret
1080 3502 1222 3577 tempore
1245 3505 1314 3561 acta
1338 3507 1432 3582 esset,
1454 3498 1603 3564 leviorem
1628 3502 1678 3565 lu·

531 3615 628 3668 turam
651 3604 747 3666 fuisse
775 3621 866 3683 quum
898 3608 931 3664 ut
961 3601 1073 3663 civium
1102 3603 1147 3664 ira
1177 3601 1368 3683 placaretur;
1400 3621 1437 3666 ac
1467 3603 1519 3666 vel
1547 3608 1679 3670 maxime

531 3711 599 3773 veri
626 3709 773 3773 dissimile
807 3712 855 3770 est
877 3704 1065 3788 Sophoclem
1098 3713 1213 3770 tanturn
1244 3709 1412 3789 perieulum
1446 3717 1508 3773 tum
1530 3712 1678 3794 temporis

530 3814 690 3897 suscipere
712 3813 859 3878 voluisse.
918 3813 1004 3888 Quae
1027 3812 1161 3894 denique
1184 3813 1356 3880 Schoellius
1379 3815 1496 3879 dehac
1519 3835 1554 3880 ra
1577 3837 1679 3901 expo-

531 3925 590 3986 suit
613 3942 641 4006 p.
655 3920 716 3985 tto
730 3940 786 4004 sq,
809 3921 855 3982 eis
878 3918 952 3982 nihil
974 3920 1035 3981 nisi
1057 3919 1219 3985 illustratio
1236 3919 1387 4001 quaedam
1411 3924 1585 3986 sententiae
1597 3924 1679 3990 ller-

531 4031 714 4093 mannianae
737 4028 922 4092 continetur.
978 4026 1075 4088 Recte
1099 4024 1276 4088 observavit
1298 4043 1380 4106 quae
1402 4025 1575 4107 Sophocles
1599 4029 1679 4094 dicat

528 4154 557 4197 v.
579 4136 622 4201 22
650 4154 716 4218 sqq.
745 4130 902 4198 nonnullis
930 4130 1011 4194 loeis
1043 4150 1111 4194 cum
1134 4130 1319 4213 Thucydidis
1353 4132 1562 4212 descriptione
1589 4136 1679 4216 plane

530 4241 712 4320 concinere;
745 4238 868 4302 confert
891 4256 920 4300 v.
941 4236 997 4302 27:
1030 4233 1068 4298 ἐν
1101 4232 1138 4298 d'
1169 4233 1418 4322 ὄπορφόρος
1448 4241 1529 4312 θεὸς
1549 4239 1680 4328 σιιήψας

603 4431 627 4500 1)
647 4426 735 4484 Thuc.
757 4427 776 4492 Ι,
796 4428 846 4482 dflr
892 4428 924 4495 ἢν
942 4427 973 4482 d’
999 4430 1055 4502 ἄρα
1073 4450 1117 4485 rou
1135 4430 1183 4484 xci
1199 4434 1281 4501 πείρα
1304 4431 1457 4500 σφαλῶσιν,
1483 4432 1680 4498 ἀπελπίσαντες

529 4523 597 4576 ‹ttta
616 4523 773 4591 ἐπλήρωσαν
789 4521 835 4588 τὴν
848 4525 955 4594 χρελαν.

598 4615 626 4685 2)
645 4611 714 4667 Her.
733 4611 778 4677 Vl,
797 4615 846 4668 21:
883 4617 910 4676 ic
933 4617 1041 4688 δάκρυσί
1067 4633 1092 4669 u
1116 4618 1190 4670 ἔπεσι
1217 4615 1244 4668 τὸ
1263 4616 1375 4686 θέητρον
1392 4617 1439 4669 καὶ
1462 4616 1614 4688 ἐζημίωσάν
1631 4641 1678 4694 μιν

407 4758 413 4769 ,
527 4708 568 4769 ὡς
587 4706 831 4778 ἀναμνήσαντα
850 4704 963 4776 clarile
982 4707 1069 4761 κανᾶ
1085 4711 1188 4781 χιλίῃσι
1205 4708 1355 4782 δραχμῇσι,
1381 4709 1428 4763 καὶ
1445 4711 1572 4772 ἐπέταξαν
1588 4717 1679 4784 μηκέτι

525 4801 628 4874 μηδένα
643 4799 768 4871 χρᾶσθαι
784 4801 862 4872 τούτῳ
881 4801 917 4874 τῷ
934 4802 1060 4872 δράματι.
