4142 5675
846 639 1154 709 '-24-

469 820 580 882 iustum
604 834 690 901 esse,
720 835 789 882 curn
821 817 940 881 civibus
967 818 1032 880 suis
1055 818 1179 881 obiiciat
1201 835 1257 880 eos
1280 815 1458 897 Segestanis
1481 814 1618 899 quidem,

470 926 579 1007 quibus
601 926 710 989 iniuria
731 926 812 987 iliata
835 942 907 988 esse
931 924 1081 1007 videatur,
1104 926 1205 987 stetim
1219 922 1363 986 auxilium
1382 923 1502 986 mittere
1526 923 1617 1000 uelle,

468 1033 525 1096 sed
548 1034 688 1096 iniuriam
711 1033 785 1114 ipsis
808 1034 865 1095 iam
889 1031 1003 1095 dudum
1027 1031 1065 1093 ab
1089 1032 1134 1094 eis
1157 1031 1208 1111 qui
1224 1029 1397 1093 defecerint
1414 1029 1528 1093 idaiam
1553 1046 1615 1091 non

467 1158 589 1223 curare,
611 1139 703 1203 immo
725 1156 782 1202 ees
804 1138 951 1201 adiuvare
973 1136 1101 1201 studere
1117 1137 1153 1219 ¹).
1202 1136 1311 1219 Neque
1333 1137 1427 1219 igitur
1449 1152 1616 1217 possumus

467 1247 585 1329 mirari,
615 1248 641 1336 si
662 1245 834 1327 Sophocles
858 1246 985 1309 chorum
1008 1245 1140 1310 factata
1170 1245 1248 1328 deo,
1279 1261 1370 1325 quem
1403 1261 1528 1324 semper
1557 1244 1614 1307 sihi

466 1354 622 1434 pracsidio
643 1354 713 1417 fore
735 1360 852 1436 sperat,
882 1362 1079 1434 precantem,
1114 1362 1146 1416 ut
1176 1360 1333 1416 certamen
1364 1352 1479 1415 civitati
1505 1351 1613 1433 putore

466 1459 633 1522 institutum
656 1477 696 1522 ne
718 1460 835 1523 irritum
860 1459 974 1523 cedere
995 1461 1137 1540 patietur.

551 1566 595 1629 Ea
617 1572 719 1630 autem
743 1568 936 1649 coniectura,
970 1584 1061 1646 quam
1092 1568 1243 1628 sententia
1267 1565 1378 1647 prioris
1400 1564 1611 1645 antistrophee

467 1674 548 1737 ducti
571 1674 766 1757 protulimus,
800 1675 846 1736 eis
878 1673 1012 1754 quaein
1035 1670 1160 1754 stropha
1184 1672 1279 1735 ultera
1301 1674 1407 1734 insunt
1430 1687 1493 1734 non
1517 1670 1610 1735 medo

465 1796 529 1843 neu
562 1779 713 1843 refutetur
743 1780 797 1843 sed
827 1780 917 1842 etiem
949 1796 1142 1862 magnopere
1175 1778 1381 1842 confirmatur.
1434 1778 1511 1840 Nam
1544 1795 1609 1841 oum

465 1883 581 1947 chorus
603 1894 779 1969 postremo,
809 1903 900 1966 quam
922 1886 974 1966 pio
996 1886 1065 1966 ipsc
1087 1902 1162 1967 erga
1187 1885 1264 1949 deos
1287 1887 1389 1949 animo
1412 1887 1465 1969 eit,
1487 1884 1610 1969 dixerit,

464 1992 507 2055 ite
528 1994 644 2074 pergit,
666 2000 698 2055 ut
719 1993 830 2056 malum
854 1994 883 2055 ei
905 1994 1108 2075 imprecetur,
1140 1994 1192 2074 qui
1215 1993 1293 2055 deos
1315 2010 1377 2055 nou
1399 2000 1432 2055 ut
1457 1990 1609 2055 hominem

465 2100 577 2163 deceat
600 2098 702 2162 humili
725 2107 757 2162 et
779 2100 932 2162 submisso
955 2099 1057 2163 animo
1081 2100 1163 2163 cetat
1185 2107 1277 2180 etque
1300 2105 1495 2164 veneretur.'
1531 2100 1609 2175 Qui-

462 2207 522 2272 bus
543 2208 692 2271 tooastam
715 2206 856 2269 videmus
877 2206 1058 2288 significari,
1097 2207 1153 2269 sed
1187 2207 1214 2268 si
1240 2207 1399 2288 quomodo
1422 2209 1539 2272 chorus
1561 2210 1610 2273 hio

464 2315 495 2377 in
519 2333 587 2377 eam
607 2313 769 2376 invehatur
791 2314 965 2396 quibusque
987 2305 1090 2376 uerbis
1113 2321 1230 2396 ututur,
1262 2317 1437 2380 accuratius
1460 2316 1610 2379 conside-

462 2423 642 2505 raverimus,
666 2420 744 2485 haec
766 2437 843 2484 sane
865 2423 891 2485 si
914 2420 955 2485 ad
977 2421 1129 2486 locustam
1149 2429 1265 2485 tantum
1281 2423 1468 2507 referantur,
1490 2426 1610 2488 maiore

462 2547 531 2593 cum
555 2529 749 2593 vehementia
773 2545 863 2609 quum
885 2529 1015 2592 veritate
1039 2530 1156 2610 prolata
1180 2545 1251 2592 esse
1273 2530 1416 2594 videntur
1438 2532 1609 2613 nequcin-

461 2638 539 2701 iuria
561 2644 683 2718 poetam
706 2635 757 2699 hio
779 2638 840 2719 eis,
876 2654 957 2719 quae
980 2656 996 2698 a
1019 2638 1084 2701 suis
1107 2638 1225 2701 civibus
1244 2639 1323 2701 facta
1347 2646 1452 2702 essent
1475 2641 1525 2702 vei
1549 2640 1609 2704 dc-

460 2752 549 2827 rent,
588 2744 747 2825 abreptum
780 2743 890 2807 teiihus
913 2743 1018 2807 verbis
1051 2746 1096 2808 uti
1119 2746 1335 2810 existimamus.
1389 2747 1498 2828 Neque
1531 2765 1609 2812 vero

462 2871 532 2916 curn
554 2851 710 2918 Schoellio
734 2852 772 2914 ad
794 2853 943 2916 Periclem
967 2853 1015 2916 hic
1039 2853 1130 2917 alludi
1153 2854 1330 2931 censueris;
1353 2855 1402 2917 via
1426 2857 1526 2939 enim,
1550 2870 1609 2936 qua

462 2977 544 3022 nunc
565 2960 663 3040 ipsum
686 2959 868 3044 incedimus,
890 2961 987 3024 semet
1007 2962 1162 3043 ingressa,
1185 2962 1285 3025 statim
1298 2961 1537 3027 Alcibiadem
1561 2963 1609 3027 hic

463 3067 629 3150 significari
652 3064 811 3151 statueris,
847 3085 884 3130 ac
914 3067 1008 3130 verba
1031 3074 1062 3130 ct
1092 3067 1131 3131 ad
1153 3066 1244 3131 huius
1265 3087 1390 3133 causam
1414 3075 1445 3133 et
1467 3070 1507 3134 ed
1529 3069 1609 3135 haec

461 3180 602 3258 tempora
625 3174 720 3240 multu
743 3173 841 3259 magis
864 3173 1095 3239 accommodata
1118 3193 1190 3238 esse
1211 3176 1384 3259 intellegas.

547 3282 678 3345 Primum
701 3284 782 3344 enirn
805 3283 832 3344 si
855 3279 894 3344 ad
913 3281 1131 3361 antistropham
1154 3283 1299 3366 redimus,
1323 3284 1406 3365 quod
1430 3304 1460 3347 v.
1474 3282 1539 3348 872
1558 3284 1609 3346 dc-

461 3391 544 3470 gitur
564 3387 655 3472 ὕβρις
675 3386 803 3472 φυτεύει
824 3386 995 3472 τύραννον,
1016 3389 1144 3469 proprie
1166 3391 1287 3470 quidem
1310 3392 1349 3454 de
1371 3390 1489 3455 Iocaste
1512 3395 1609 3457 intel-

460 3496 627 3578 legendum
651 3502 706 3578 est,
730 3502 822 3576 atquc
844 3501 958 3579 totamt,
982 3513 1062 3575 quae
1085 3497 1116 3558 iu
1139 3497 1330 3578 antistropha
1352 3499 1448 3581 inest,
1480 3508 1609 3565 senten-

460 3604 533 3667 tium
555 3603 594 3666 ad
618 3611 734 3685 partem
757 3601 889 3683 aliquam
912 3603 1024 3666 civium
1040 3602 1274 3669 Atheniensium
1296 3605 1409 3669 reterri
1429 3624 1524 3687 posse
1547 3624 1608 3672 cx-

460 3711 637 3793 posuimus,
669 3709 726 3773 sed
758 3710 872 3790 optime
912 3727 993 3790 quae
1024 3710 1074 3773 hic
1106 3709 1248 3774 dicuntur
1281 3710 1434 3793 quadrant
1464 3713 1496 3777 in
1527 3734 1608 3802 eum,

461 3821 513 3902 qui
554 3819 644 3882 huius
676 3819 816 3882 iectionis
858 3817 1003 3899 princeps
1033 3818 1105 3902 fuit,
1141 3818 1341 3884 Alcibiadem.
1406 3822 1516 3904 Neque
1547 3825 1609 3889 hoc

360 4000 363 4007 Ι
460 3945 519 3990 nos
549 3932 668 3989 temere
697 3944 830 3989 censere
863 3924 1038 4007 concedes,
1069 3926 1096 3986 si
1128 3943 1208 4006 quae
1230 3925 1324 3991 Thac.
1349 3928 1400 4010 Vl,
1424 3928 1554 3996 27429
1578 3939 1609 3996 et

459 4035 590 4097 inaximo
613 4033 714 4114 cupite
736 4032 933 4113 sexagesimo
958 4040 1062 4094 narret
1090 4032 1263 4114 inspexeris
1291 4043 1321 4098 et
1345 4036 1482 4117 inprimis
1503 4046 1607 4104 tecum

458 4141 653 4223 reputaveris
691 4139 802 4223 verbe,
841 4156 922 4221 quae
956 4139 1018 4202 hoo
1047 4140 1118 4204 loeo
1158 4143 1316 4225 teguntur:
1357 4132 1465 4206 adm
1497 4142 1608 4222 adroic

457 4247 562 4311 ἐδόκει
590 4246 645 4311 ἐπὶ
689 4247 872 4328 §ruoperto
909 4234 1097 4337 δλιγαρχικῇ
1126 4250 1195 4310 καὶ
1227 4232 1447 4341 capuanum}
1476 4256 1608 4339 πεπρᾶ-

457 4360 551 4437 χθαι,
575 4365 606 4419 et
631 4374 722 4438 quem
744 4355 952 4418 locnmetiam
970 4355 1164 4438 Nusgravius
1187 4375 1245 4438 pro
1268 4360 1420 4422 sententia
1442 4378 1499 4424 sua
1522 4369 1609 4426 attu-

533 4597 557 4668 1)
577 4594 666 4650 Thuc.
686 4594 732 4650 Vl.
753 4596 801 4650 10:
827 4597 903 4670 ἡμεῖς
920 4599 950 4653 δὲ
965 4598 1125 4672 Ἑγεσταίοις
1142 4598 1175 4665 δὴ
1193 4593 1251 4654 οὖσι
1270 4597 1425 4679 ξυμμάχοις
1442 4599 1485 4685 ὥςΙ
1498 4601 1611 4659 ἀδικου-

458 4692 551 4760 μένοις
570 4689 650 4752 ὂξέως
666 4689 832 4762 βοηθοῢμεν·
860 4691 903 4762 ὑφ’
930 4683 969 4746 ὧν
995 4693 1023 4747 d’
1050 4691 1124 4747 oduei
1148 4691 1233 4747 nuilus
1251 4692 1409 4764 ἀφεστώτων
1427 4692 1610 4767 ἆδικοῦμεθα,

458 4788 493 4840 ἔτι
508 4784 642 4856 μέλλομεν
660 4783 821 4856 ἀμύνεσθαι.
