4142 5675
1006 657 1223 722 ...10-

539 843 609 888 nam
640 842 708 888 cum
742 830 772 889 in
798 827 1032 891 Zimmermanui
1055 830 1088 892 Ζ.
1113 827 1134 892 l.
1156 826 1195 891 Α.
1222 824 1303 888 1837
1326 845 1355 908 p.
1378 824 1443 889 793
1465 843 1534 906 sqq.
1556 828 1624 889 eius
1647 826 1690 888 ii·

537 933 624 994 brum
637 935 823 996 accuratiori
848 935 980 999 examini
1001 934 1202 1015 submitteret,
1225 939 1388 1014 postquam
1411 951 1479 995 earn
1502 934 1686 996 sententiam

538 1037 686 1102 refellere
707 1046 837 1103 conatus
862 1050 917 1125 est,
941 1060 1021 1123 quae
1034 1042 1178 1121 exposuit
1202 1042 1240 1103 ita
1253 1040 1411 1104 concludit
1427 1039 1457 1124 ¹),
1482 1049 1512 1104 ut
1535 1059 1603 1103 earu
1628 1058 1685 1120 pro

538 1147 718 1210 coniectura
742 1166 822 1229 qnae
845 1150 937 1211 certis
969 1158 1074 1212 careat
1096 1148 1284 1230 argumentis
1308 1146 1483 1209 habendam
1508 1165 1579 1210 esse
1604 1147 1686 1210 dicat

538 1272 575 1317 ac
598 1254 755 1338 linsgravi
777 1259 959 1321 sententiam
983 1258 1120 1321 retinere
1144 1255 1236 1319 malit.

624 1364 726 1427 Tertia
751 1372 799 1429 est
820 1367 973 1429 sententia
1008 1384 1025 1429 a
1049 1364 1286 1431 Schneidewiuo
1320 1363 1459 1445 prolata,
1490 1359 1580 1444 qui²)
1609 1359 1684 1423 nihil

538 1474 653 1535 certius
677 1471 796 1535 deliniri
817 1492 913 1555 posse
934 1474 1165 1556 pronuntiavit,
1189 1490 1278 1553 quam
1303 1472 1413 1533 editam
1435 1487 1507 1533 esse
1531 1469 1684 1549 Oedipum

537 1586 609 1659 post
632 1597 710 1661 eam,
732 1599 812 1661 quae
834 1581 882 1645 01.
905 1579 957 1666 84,
982 1578 1002 1642 3
1027 1579 1119 1643 docta
1142 1582 1196 1659 sit,
1220 1579 1428 1659 Antigonam3
1461 1577 1585 1640 minime
1610 1578 1685 1640 exi-

537 1687 721 1751 stimandum
745 1706 815 1750 esse
839 1694 961 1769 poetam
986 1688 1057 1751 talia
1081 1689 1194 1769 respici
1215 1687 1361 1769 voluisse,
1385 1704 1465 1768 quae
1487 1686 1620 1766 spectari
1643 1685 1682 1748 ab

538 1812 577 1856 eo
601 1813 649 1858 vv.
674 1792 724 1856 dd.
748 1794 805 1857 sibi
827 1795 1050 1875 persuaserint.

621 1902 675 1966 llis
698 1904 848 1983 expositis
871 1904 999 1983 primum
1023 1901 1057 1966 C.
1072 1902 1104 1965 F.
1124 1902 1293 1963 llermauni
1316 1901 1468 1964 sententia
1491 1906 1590 1962 utrum
1607 1900 1683 1963 lerri

537 2009 635 2090 possit
658 2028 773 2092 necne,
796 2012 971 2075 accuratius
994 2010 1230 2073 exantinandum
1253 2018 1307 2073 est.
1352 2009 1413 2071 lam
1436 2008 1681 2089 disquisitionem

537 2119 575 2179 de
600 2136 636 2181 ea
664 2120 730 2183 eius
754 2119 901 2201 opinione
922 2115 1131 2199 instituamus,
1163 2137 1223 2199 qua
1246 2118 1304 2181 sub
1327 2117 1438 2199 Oedipi
1460 2133 1593 2197 persona
1617 2117 1682 2179 Pe·

537 2225 644 2288 riclam
668 2244 685 2288 a
709 2231 801 2305 poeta
825 2227 1012 2308 exagitatum
1039 2243 1111 2289 esse
1134 2229 1264 2288 censuit.
1311 2224 1546 2288 Causaeautem
1562 2242 1618 2286 cur
1640 2226 1682 2287 ita

538 2332 689 2412 statuerit,
712 2331 737 2394 si
760 2331 898 2396 breviter
920 2350 975 2395 aas
997 2349 1177 2413 proponere
1199 2331 1280 2411 licet,
1302 2330 1363 2394 lrae
1385 2338 1471 2407 sunt3
1506 2329 1577 2393 dicit
1598 2332 1682 2393 inter

534 2437 757 2523 Athenienses,
781 2459 861 2522 quae
885 2458 992 2505 corum
1016 2442 1193 2520 superstitio
1216 2439 1324 2522 luerit,
1358 2440 1508 2501 exsistere
1530 2440 1680 2523 potuisse,

536 2547 588 2628 qui
621 2544 702 2610 nulla
738 2543 797 2610 alia
832 2547 870 2609 de
901 2565 995 2610 causa
1025 2547 1231 2630 pestilentiam
1261 2546 1318 2610 sibi
1349 2545 1491 2609 divinitus
1512 2548 1678 2609 immissam

536 2653 711 2737 crederent,
735 2672 825 2735 quam
849 2655 920 2734 quia
942 2653 1053 2718 Pericli
1076 2671 1223 2717 summam
1245 2654 1435 2735 reipublicae
1458 2653 1679 2718 administran-

536 2759 607 2823 dam
630 2760 846 2846 tradidissent,
871 2762 924 2843 qui
947 2761 1019 2827 licet
1043 2779 1105 2823 nou
1128 2778 1185 2824 suo
1208 2761 1303 2843 ipsius
1327 2766 1358 2823 at
1377 2762 1526 2824 maiorum
1550 2764 1678 2824 crimine

533 2867 599 2932 deis
622 2870 739 2950 invisus
760 2869 944 2951 piaculoque
966 2869 1131 2933 obstrictus
1153 2886 1224 2931 esse
1245 2869 1445 2951 videratur³l
1491 2870 1612 2932 Deinde
1635 2873 1677 2935 ita

533 2977 645 3059 pergit,
670 2982 702 3040 ut
725 2975 806 3039 dicat
829 2978 960 3039 maxime
985 2979 1159 3057 optimates,
1183 2977 1234 3056 qui
1257 2975 1576 3040 Lacedaemoniorum
1598 2996 1676 3058 par·

532 3084 613 3146 tibus
635 3101 759 3165 semper
781 3082 935 3168 lavarent,
968 3083 1040 3147 talia
1065 3084 1228 3147 iactarisse
1250 3084 1413 3166 ipsumque
1435 3084 1582 3147 Periclem
1606 3104 1674 3148 cum

532 3189 664 3271 aliquam
695 3197 780 3253 certe
807 3190 944 3273 speciem
982 3191 1110 3254 deorum
1144 3191 1376 3272 contemptionis
1406 3209 1481 3273 prae
1511 3209 1547 3256 se
1568 3192 1677 3277 lerret,

530 3294 641 3359 talibus
664 3295 877 3360 adminiculum
902 3297 1056 3378 quoddam
1079 3297 1335 3379 suppeditavisse,
1353 3298 1515 3378 „utlacilis
1538 3302 1576 3362 sit
1592 3318 1675 3364 con-

531 3403 648 3466 iectura
672 3403 753 3464 inter
775 3403 855 3466 itlius
885 3403 1026 3466 offensae
1057 3420 1184 3487 causas,
1215 3421 1305 3486 quam
1328 3404 1557 3488 Thucydides4)
1579 3407 1677 3471 relart

530 3508 821 3572 Periclem‘ecdem
854 3508 920 3572 lara
948 3515 1107 3596 ternpore,
1137 3528 1198 3592 quo
1230 3507 1363 3576 fabulam
1390 3519 1527 3575 nostram
1561 3515 1674 3578 editam

530 3633 602 3679 esse
626 3618 796 3696 statuimus,
822 3617 901 3698 apud
924 3617 1070 3699 populum
1094 3617 1248 3703 subiisse,
1271 3621 1433 3702 impietatis
1466 3639 1590 3702 quoque
1613 3624 1675 3685 ali-

530 3725 611 3806 quod
635 3727 751 3788 crimen
776 3724 882 3806 luissc,
906 3726 987 3806 quod
1012 3727 1069 3807 ipsi
1093 3725 1131 3790 ab
1149 3728 1327 3809 optimatum
1351 3727 1486 3792 factione
1508 3729 1673 3794 conflatum

530 3841 623 3916 esset,
646 3832 718 3896 licet
741 3832 938 3916 Thucydides
961 3831 1164 3899 humanorum
1189 3837 1288 3917 magis
1311 3854 1399 3917 quarn
1418 3835 1588 3901 divinorum
1612 3858 1675 3903 cu-

600 4070 625 4140 i)
645 4066 674 4124 L.
694 4088 718 4124 c.
739 4089 766 4142 p.
782 4071 846 4126 802.

595 4161 623 4236 2)
643 4160 816 4234 Sopholrlee,
845 4165 957 4219 zweitea
978 4163 1128 4220 Bindclreu
1150 4183 1177 4236 p.
1197 4168 1232 4221 au
1251 4185 1293 4240 eq.

596 4253 623 4327 3)
644 4252 771 4309 Confessi
791 4255 870 4310 iubet
891 4253 980 4310 Tine.
1002 4255 1022 4322 Ι,
1045 4259 1109 4311 ler
1139 4259 1212 4312 τοῦτο
1230 4259 1263 4325 δὴ
1280 4259 1308 4313 τό
1327 4259 1395 4331 ἄχος
1412 4261 1440 4312 el
1457 4258 1672 4330 Λακεδαιμόνιοι

523 4348 642 4400 ἐκέλευον
658 4347 779 4402 ἔλαόνεεν
798 4348 882 4413 δῆθεν
898 4352 953 4410 τοῖς
971 4353 1047 4410 θεοῖς
1061 4349 1167 4419 πρῶτον
1184 4351 1367 4420 τιμωροῦντες,
1385 4351 1481 4412 εῖόότες
1499 4351 1528 4405 dt
1538 4355 1670 4422 Περικλέα

522 4438 567 4492 τόν
584 4440 745 4497 Ξανθίππου
765 4440 967 4512 προσεχόμενον
984 4440 1057 4512 αὐτῷ
1079 4443 1145 4496 κατὰ
1170 4444 1216 4511 τὴν
1239 4445 1338 4515 μητέρα
1362 4443 1409 4497 arel
1426 4446 1575 4516 repellente
1593 4448 1670 4501 ἐκπε-

524 4533 616 4596 σόντος
634 4530 717 4586 celred
735 4533 804 4605 ῥᾷον
818 4535 895 4601 σφίσι
912 4539 1067 4605 προχωρεῖν
1083 4536 1113 4589 τό
1131 4533 1187 4593 dud
1204 4536 1257 4589 τοῖν
1269 4535 1419 4602 Ἀθηναίων
1436 4556 1461 4591 ν.
1479 4556 1499 4590 τ.
1518 4539 1541 4590 l.

591 4626 619 4693 4)
638 4623 672 4689 ΙΙ,
690 4626 740 4678 όθε
759 4623 805 4678 τόν
823 4658 858 4670 -
880 4629 1009 4697 Περικλέα
1027 4631 1057 4681 ἐν
1074 4631 1144 4700 cedrio
1162 4631 1238 4699 εἰχον
1255 4628 1292 4690 ὥς
1309 4632 1435 4683 πείσαντα
1453 4630 1524 4700 σφᾶς
1540 4633 1669 4703 πολεμεῖν

521 4716 568 4771 καῖ
584 4715 617 4771 de'
638 4718 740 4772 ἐκεῖνον
757 4721 814 4780 ταῖς
833 4721 989 4792 ξυμφοραῖς
1002 4721 1231 4792 περιπεπτωκότες,
1244 4753 1276 4762 -·
1295 4722 1466 4796 πανταχόθεν
1482 4742 1507 4778 τε
1524 4723 1668 4797 τῇχνιόμχ

519 4809 620 4880 ἄποροι
640 4809 799 4873 suicardus
816 4812 942 4867 όνόκεενεο
960 4814 997 4884 τῷ
1014 4815 1146 4884 Repulsi.
1175 4813 1240 4870 coll.
1260 4811 1297 4882 ll,
1317 4815 1361 4870 65.
