4142 5675
810 561 1232 661 '-aa-·

465 785 529 852 eus,
553 784 589 832 so
609 774 707 831 mitste
731 786 766 834 es
787 770 903 853 lange
926 767 1099 832 naehher
1119 766 1222 847 fallen,
1245 783 1295 828 ιτο
1308 780 1343 827 es
1354 765 1424 826 eine
1445 760 1611 826 sehmerz-
1650 787 1654 806 ·

463 873 523 937 lioh
545 882 635 938 sitsse
659 876 849 957 erinnerung
880 893 918 937 an
942 871 1174 938 iiberstandene
1195 869 1269 935 noth
1291 869 1478 936 aullrisoben
1501 866 1608 933 sollte:

463 975 525 1063 ἡδι)
546 979 607 1065 γὰρ
630 981 779 1045 σωθέντα
799 979 985 1062 μεμνῆσθαι
1007 974 1151 1040 πίνων.“

965 1198 1052 1278 dapne
1073 1200 1108 1261 tl.

940 1392 1070 1443 Perlieula
1087 1393 1121 1441 11.

548 1524 610 1588 lam
634 1532 666 1587 ut
689 1541 769 1604 quae
792 1540 860 1586 mea
882 1524 921 1587 sit
942 1524 1096 1587 sententia
1118 1523 1157 1585 de
1188 1530 1344 1603 tempore,
1376 1539 1439 1604 qao
1473 1519 1609 1585 tabulam

463 1630 585 1695 doctam
608 1647 680 1695 esse
701 1630 867 1692 verisimile
890 1630 945 1711 sit,
976 1630 1103 1711 primum
1133 1630 1253 1693 interna
1276 1632 1610 1712 argumenta'seeutns

462 1755 630 1820 exponam,
667 1752 728 1817 ego
758 1752 882 1818 quoque
914 1737 946 1799 in
967 1739 1094 1801 stasimo
1124 1719 1420 1818 s'eoundo'vestigia
1444 1729 1609 1813 quaedam,

462 1842 573 1926 quibus
599 1842 647 1905 via
669 1840 760 1906 nobis
783 1850 980 1926 monstretur,
1004 1838 1241 1922 deprehendere
1263 1840 1336 1902 mihi
1356 1838 1478 1903 videor.

545 1946 720 2031 Antequam
743 1954 843 2011 autem
868 1949 1041 2011 accuratius
1064 1947 1165 2029 qualia
1189 1947 1251 2010 sint
1268 1945 1430 2027 explicem,
1452 1961 1494 2005 ne
1516 1941 1608 2005 velim
1652 2011 1653 2020 p

461 2053 622 2136 neglegas,
644 2054 726 2134 quod
750 2054 854 2134 priore
877 2057 1146 2119 commentationis
1164 2056 1264 2137 eapite
1281 2052 1443 2135 probatum
1469 2057 1519 2114 est
1539 2068 1607 2113 eum
1652 2051 1653 2068 ²

448 2159 593 2242 quadam
617 2158 890 2223 verisimilitudinis
917 2162 1023 2242 speeie
1054 2168 1190 2245 tempus,
1220 2178 1282 2243 quo
1315 2153 1479 2241 tragoedia
1516 2152 1607 2217 doeta
1652 2185 1653 2258 l

460 2265 510 2345 sit,
533 2264 744 2345 quaerendum
767 2282 839 2328 esse
861 2266 941 2328 inter
964 2265 1012 2329 01.
1035 2262 1127 2349 87,1
1154 2285 1195 2323 t:
1218 2262 1281 2327 431
1305 2281 1334 2328 a.
1357 2261 1427 2326 Chr.
1451 2266 1538 2323 met
1559 2258 1606 2321 0l.

461 2365 513 2452 91,
536 2369 556 2430 2
578 2396 621 2423 =
644 2365 707 2430 414
731 2388 758 2433 a.
785 2368 855 2436 Chr.
878 2389 908 2435 n.
964 2371 1087 2435 Deinde
1113 2372 1158 2434 eis
1189 2388 1270 2453 quae
1292 2376 1451 2452 postremo
1475 2365 1607 2449 exposui

458 2471 642 2558 prohibeor,
677 2476 842 2554 quominus
864 2476 990 2559 paullo
1011 2483 1082 2558 post
1102 2476 1185 2539 illum
1215 2493 1328 2539 annum
1350 2474 1484 2540 tabulam
1507 2480 1607 2539 aetam

460 2596 531 2642 esse
553 2584 693 2642 statuam.
738 2581 844 2663 ltaque
867 2584 893 2645 si
915 2589 1034 2665 tempus
1057 2584 1087 2647 id
1111 2583 1260 2664 probabili
1283 2584 1462 2647 coniectura
1484 2580 1607 2662 assequi

460 2685 666 2770 voluerimus,
697 2687 823 2771 propius
850 2688 889 2753 ad
912 2689 994 2754 huno
1016 2708 1129 2754 annum
1152 2708 1242 2771 quam
1264 2689 1303 2754 ad
1324 2687 1409 2751 illum
1432 2686 1608 2752 deliniendo

462 2793 614 2858 assedere
637 2792 751 2859 licebit.

551 2900 613 2963 lam
636 2908 736 2964 autem
760 2904 787 2966 si
810 2921 848 2968 ea
872 2922 952 2984 quae
975 2901 1091 2968 stasimi
1122 2901 1251 2966 secundi
1281 2899 1471 2982 antistropha
1501 2900 1608 2983 priore

466 3013 497 3068 et
522 3006 648 3087 stropha
679 3006 775 3071 altera
808 3007 1004 3072 eontinentur
1035 3008 1075 3074 de
1103 3006 1339 3072 Atheniensium
1368 3008 1491 3071 civitate
1526 3007 1608 3071 dieta

466 3129 538 3177 esse
559 3120 647 3176 reete
669 3113 824 3198 statuitur,
847 3132 887 3178 an
909 3118 1028 3196 tempus
1052 3116 1093 3180 de
1115 3133 1177 3198 quo
1201 3134 1240 3180 ea
1262 3116 1360 3198 aptius
1383 3112 1525 3179 dieantur
1546 3130 1609 3196 po-

465 3225 526 3283 test
548 3219 679 3281 inveniri
710 3219 793 3284 aliud
826 3229 917 3303 atque
950 3241 1011 3303 quo
1034 3221 1242 3285 Athenienses
1267 3220 1496 3303 expeditionem
1526 3220 1608 3285 illam

466 3326 615 3390 adversus
638 3327 767 3390 Siciliam
791 3327 998 3407 paraverunt?
1505 3308 1509 3316 ⁹

553 3434 600 3495 Ao
620 3434 749 3512 primum
771 3432 894 3514 quidem
924 3434 1037 3513 prioris
1068 3430 1277 3512 antistrophae
1306 3430 1459 3494 sententia
1493 3429 1610 3511 optime

464 3539 535 3601 huie
557 3539 688 3620 tempori
710 3539 864 3603 eonvenit.
908 3537 984 3601 Nam
1004 3536 1088 3620 quod
1103 3537 1310 3602 Athenienses
1332 3545 1395 3601 tum
1417 3555 1453 3601 se
1475 3554 1609 3602 noneo-

465 3646 526 3707 lum
550 3643 632 3707 domi
654 3645 767 3707 bellum
790 3661 905 3728 gerere
928 3644 984 3709 sed
1004 3645 1095 3708 etiam
1113 3650 1208 3707 totam
1223 3643 1356 3708 Siciliam
1379 3640 1439 3706 sibi
1461 3639 1611 3724 subigere

465 3768 561 3832 posse
582 3750 729 3831 putabunt
741 3749 781 3835 ¹),
804 3759 836 3814 et
856 3771 995 3816 summae
1017 3759 1085 3817 erat
1106 3744 1381 3832 imprudentiae,²)‚
1404 3756 1437 3813 et
1457 3749 1611 3814 maximae

465 3859 639 3940 superbiae,
663 3877 731 3921 oum
755 3858 890 3921 omniurn
914 3858 1006 3920 enimi
1027 3872 1177 3938 prospera
1200 3853 1271 3915 belli
1289 3853 1414 3919 fortuma
1437 3855 1535 3938 magis
1557 3857 1610 3921 iu-

466 3972 514 4029 sto
540 3965 612 4029 elati
635 3959 786 4047 essent⁵).
837 3961 930 4044 Atqui
965 3967 1029 4024 tota
1059 3961 1126 4025 lere
1159 3961 1258 4025 oratio
1280 3961 1387 4026 Niciae
1409 3961 1492 4046 apud
1513 3962 1609 4029 Tbue.

539 4161 565 4233 l)
585 4157 627 4216 Cf.
647 4157 736 4216 Thue.
754 4156 802 4226 Vl,
821 4161 850 4214 br
877 4157 921 4214 tut
948 4157 1054 4226 τοσήνδε
1073 4152 1156 4213 οὖσαν
1173 4155 1253 4225 elale
1271 4160 1298 4212 οί
1309 4155 1446 4224 Ἀθηναῖοι
1463 4159 1608 4231 στρατείαν

466 4252 601 4329 ὥρμηντο,
629 4254 766 4325 ἐφιέμενοι
781 4250 834 4324 μὲν
850 4251 880 4324 τῇ
898 4250 1058 4324 ἀληθεστάτῃ
1076 4251 1211 4321 προφάσει
1227 4251 1270 4318 τῆς
1286 4251 1372 4317 πάσης
1389 4250 1490 4322 ἄρξειν.

536 4347 565 4418 2)
585 4343 627 4401 Cl.
647 4343 737 4398 Thus.
759 4341 804 4408 Vl,
825 4347 854 4399 l:
889 4341 997 4413 ἄπειροι
1015 4343 1042 4396 ολ
1059 4342 1153 4396 πολλοὶ
1168 4342 1239 4404 ὄντες
1255 4343 1300 4396 τοῦ
1315 4343 1451 4414 μεγίθοος
1467 4343 1511 4409 τῆς
1528 4345 1611 4411 erineo

465 4441 512 4496 alai
530 4438 582 4494 τῶν
598 4437 772 4494 ἐνοικούντων
797 4436 843 4490 τοῦ
870 4436 989 4502 πλήθους
1011 4435 1059 4489 καί
1071 4435 1203 4503 Ἑλλήνων
1227 4435 1274 4488 καί
1290 4436 1439 4509 βαρβάρων
1456 4435 1504 4490 καί
1519 4435 1558 4491 ὅτι
1578 4440 1611 4495 od

466 4534 555 4605 πολλῷ
571 4552 622 4587 τινι
639 4531 825 4601 ὑποδεέστερον
843 4529 962 4602 πόλεμον
980 4528 1127 4603 ἀνῃροῦντο
1146 4528 1161 4595 ἢ
1179 4528 1224 4583 τὸν
1241 4528 1309 4600 πρὸς
1326 4531 1567 4597 Πελοποννησίους.

539 4629 566 4692 3)
587 4623 629 4680 Cf.
649 4623 738 4679 Thus.
759 4621 805 4691 Vl,
826 4623 873 4677 tl:
910 4624 957 4678 διὰ
975 4623 1001 4678 τι)
1020 4621 1095 4694 napea*
1114 4623 1226 4696 γνώμην
1243 4622 1330 4678 αὐτῶν
1347 4622 1414 4696 πρὸς
1431 4619 1450 4676 ἃ
1467 4625 1611 4695 ἐφοβεῖσθε

469 4720 617 4793 τὸπρῶτον
633 4718 866 4790 περιγεγενῆσθαι,
882 4717 1129 4788 καταφρονήσαντες
1146 4715 1194 4784 ἤδη
1211 4715 1258 4770 καί
1274 4719 1397 4780 Σικελίας
1415 4718 1531 4789 ἐφίεσθε.
