4142 5675
862 640 1080 705 ..13-

396 809 578 873 violentiam
601 809 682 872 enim
706 809 795 873 illam¹
811 818 843 873 et
863 810 1102 892 vehementiam,
1125 828 1184 890 qua
1207 811 1238 890 iu
1255 810 1421 873 Creontem
1444 812 1548 873 invehi

395 924 556 999 cernatur,
579 936 597 979 a
620 916 745 979 Periclis
767 916 907 979 firmitate
931 918 1085 997 animique
1100 915 1319 995 tranquillitate
1335 919 1466 979 maxime
1490 917 1549 979 ab-

394 1024 542 1088 borrere.
585 1024 661 1086 Nam
687 1042 755 1085 cum
778 1024 889 1086 civium
910 1025 1004 1087 animi
1026 1023 1076 1086 vel
1100 1023 1160 1086 buo
1178 1024 1227 1085 vel
1250 1023 1320 1085 illuc
1343 1025 1549 1106 traherentur,

399 1131 452 1194 alii
477 1150 519 1192 ex
542 1131 619 1194 urbe
642 1130 752 1213 egredi
775 1136 807 1191 et
824 1148 892 1192 oum
909 1130 1165 1193 Lacedaemoniis
1188 1148 1329 1211 pugnare
1351 1131 1476 1213 vellent,
1498 1131 1549 1192 alii

397 1238 528 1321 nollent,
552 1244 583 1299 et
606 1236 636 1297 hi
660 1244 692 1299 et
713 1237 755 1298 illi
778 1237 974 1299 oraculorum
999 1235 1213 1299 cantatoribus
1236 1255 1329 1300 aures
1352 1240 1549 1321 praeberent,

397 1346 449 1408 vel
460 1348 594 1408 maxime
609 1345 836 1424 Achemenses,
849 1362 980 1426 quorum
993 1345 1063 1427 agri
1075 1344 1112 1407 ab
1124 1344 1263 1406 exercitu
1279 1346 1548 1410 Lacedaemonio-

399 1472 467 1515 rum
491 1452 745 1532 devastabantur,
767 1452 901 1531 priorem
926 1451 1111 1523 sententiam
1136 1450 1342 1515 defenderent
1356 1450 1388 1535 ¹),
1408 1454 1548 1517 Pericles

398 1560 485 1621 solus
506 1558 593 1621 flecti
616 1576 678 1621 non
702 1564 840 1638 poterat,
874 1558 928 1619 sed
962 1558 993 1619 in
1023 1557 1134 1621 eadem
1163 1575 1252 1637 quam
1288 1564 1379 1621 antea
1403 1561 1547 1639 optimam

399 1685 471 1731 esse
493 1671 691 1747 cognoverat
714 1665 870 1728 sententia
894 1664 1109 1745 permanebam
1132 1682 1172 1726 ne
1193 1665 1279 1726 cives
1301 1666 1409 1728 animis
1423 1672 1547 1746 pertur-

400 1773 478 1836 batis
502 1774 601 1854 magis
625 1790 714 1852 quam
752 1771 935 1853 prudentiae
967 1771 1151 1833 obedientes
1174 1771 1213 1833 ad
1235 1772 1314 1836 mala
1339 1774 1467 1836 consilia
1491 1792 1549 1836 ca-

400 1879 515 1962 pienda
535 1881 759 1962 abriperentur,
784 1878 897 1941 nullam
916 1879 1101 1941 concionem
1127 1878 1330 1963 convocabat,
1352 1882 1419 1961 ipse
1441 1881 1548 1943 urbem

399 1987 607 2065 custodiebat,
631 1989 750 2051 animos
773 1986 955 2068 tranquillos
979 1984 1115 2048 reddere
1138 1986 1283 2048 studebat
1297 1986 1333 2067 ²).

474 2096 581 2171 ,Recte
605 2096 718 2159 deinde
735 2094 943 2177 Schoellius⁵l
966 2096 1039 2157 dicit
1061 2096 1099 2157 ab
1122 2093 1183 2167 boc
1206 2093 1323 2157 laesum
1351 2112 1422 2157 esse
1446 2097 1549 2157 nemi-

357 2275 360 2282 ,
401 2223 483 2287 nem,
507 2204 599 2267 immo
623 2204 705 2266 bunc
728 2204 766 2266 ab
790 2206 848 2286 eis,
872 2204 924 2285 qui
948 2203 986 2265 de
1010 2204 1092 2267 bona
1115 2204 1162 2266 rei
1183 2203 1323 2284 publicae
1345 2202 1466 2265 fortuna
1490 2203 1550 2265 de-

357 2319 361 2380 i
399 2319 563 2393 sperarent
586 2311 732 2392 falsisque
755 2310 983 2391 suspicionibus
1006 2310 1037 2371 in
1064 2328 1133 2372 eum
1159 2310 1377 2393 incitarentur,
1410 2311 1548 2372 iniudi-

357 2437 359 2484 :
400 2420 482 2481 oium
507 2424 648 2480 vocatum
673 2419 804 2498 eiusque
827 2418 944 2480 amicos
967 2418 1062 2480 variis
1083 2417 1262 2481 criminibus
1283 2424 1377 2498 atque
1392 2418 1550 2480 calumniis

401 2544 474 2589 ease
500 2532 658 2588 oneratos.

487 2631 595 2713 ltaque
621 2651 689 2696 eam
712 2629 838 2711 quidem
861 2632 1047 2700 sententiam
1070 2633 1201 2711 retinet,
1224 2650 1314 2711 quam
1339 2631 1372 2694 C.
1396 2633 1444 2695 Fr.
1467 2632 1551 2695 ller-

399 2758 531 2803 mannus
552 2740 592 2802 de
616 2746 756 2819 tempore
779 2736 903 2799 tabulae
926 2738 1052 2818 potulit,
1088 2738 1143 2799 sed
1168 2739 1210 2799 ita
1233 2745 1381 2800 mutatam
1406 2739 1550 2817 proponit

399 2856 435 2911 ut
457 2848 550 2911 multa
573 2864 654 2926 quae
681 2854 790 2908 eontra
812 2844 938 2906 Periclis
968 2844 1166 2908 adversarios
1190 2844 1269 2906 dicta
1294 2864 1365 2908 esse
1386 2846 1550 2907 videantur

400 2954 536 3036 reperiri
566 2954 664 3032 dicut;
697 2960 789 3033 atque
812 2951 1044 3014 Atheniensium
1072 2951 1175 3031 potius
1205 2951 1428 3015 multitudinem
1452 2949 1551 3012 Oedi-

400 3079 474 3142 pum
495 3078 535 3124 eo
555 3060 701 3122 imitatam
734 3075 820 3139 esse,
854 3058 935 3136 quod
970 3057 1000 3118 in
1034 3056 1159 3119 summis
1187 3075 1292 3118 rerum
1323 3057 1473 3140 angustiis
1497 3055 1551 3117 leti

401 3171 464 3232 vim
489 3185 663 3251 agnoscere
686 3172 885 3241 recusarent,
916 3165 972 3228 sed
996 3164 1174 3228 criminibus
1196 3166 1228 3227 in
1250 3165 1396 3227 Periclem
1421 3165 1550 3243 eiusque

402 3277 522 3341 amieos
544 3277 703 3357 congestis
726 3271 877 3335 medelam
905 3269 965 3333 sibi
986 3278 1186 3350 quaererent.
1231 3271 1339 3351 Neque
1362 3288 1439 3333 vero
1467 3288 1548 3332 con-

402 3394 453 3449 tra
475 3382 568 3465 bunc,
591 3382 647 3444 sed
670 3387 779 3444 contra
803 3396 877 3460 eos,
914 3377 966 3457 qui
999 3395 1064 3441 non
1087 3376 1215 3440 abelus
1237 3377 1376 3458 partibus
1399 3378 1568 3456 steterint,

402 3493 488 3554 diota
519 3508 609 3567 esse,
645 3487 853 3570 quae-Creon
882 3506 912 3548 v.
936 3483 1001 3549 608
1023 3504 1092 3566 sqq.
1143 3486 1270 3548 Periclis
1299 3504 1423 3549 causam
1453 3503 1551 3565 agens

402 3598 527 3679 Oedipo
552 3598 675 3661 obiiciat
687 3595 723 3679 4).
779 3594 889 3657 Pericli
920 3611 1031 3656 revera
1065 3592 1138 3654 nibil
1162 3594 1220 3655 nisi
1242 3600 1362 3673 tempus
1385 3601 1447 3655 tum
1471 3607 1551 3673 opus

479 3861 506 3934 1)
523 3858 613 3916 Thuc.
633 3858 667 3925 ll,
685 3861 731 3912 ut.

477 3955 505 4022 2)
523 3951 613 4008 Thoe.
635 3951 667 4018 ll,
687 3954 723 4005 22
743 3953 781 4006 in.

477 4049 506 4116 3)
524 4065 554 4118 p.
575 4049 637 4103 182.

476 4141 505 4214 4)
529 4141 625 4213 γνώμῃ
644 4139 671 4193 d‘
693 4139 782 4210 ἀδήλῳ
801 4138 838 4210 μή
857 4157 892 4210 με
907 4137 994 4211 χωρὶς
1012 4138 1095 4191 alnei.

532 4235 563 4289 oei
582 4233 636 4306 γὰρ
654 4235 761 4288 δίκαιον
779 4231 836 4285 cire
853 4231 913 4292 rode
930 4233 1029 4293 κακοὺς
1044 4232 1133 4302 μάτην

527 4325 656 4398 χρηστοὺς
673 4325 791 4396 νομίζειν
810 4322 868 4376 οὔτε
886 4323 945 4385 τούς
961 4323 1092 4394 χρηστοὺς
1109 4323 1216 4382 κακούς.

535 4421 617 4489 φίλον
634 4416 689 4490 γὰρ
708 4414 806 4470 ἐσθλὸν
823 4417 945 4484 ἐκβαλεῖν
963 4417 1021 4468 ἴσον
1039 4416 1107 4485 λέγω

484 4537 486 4541 ⁴
533 4510 642 4565 καὶτὸν
659 4509 725 4581 παρ’
746 4508 818 4580 αὑτῷ
835 4512 938 4577 βίοτον,
955 4503 986 4559 ὃν
1004 4508 1124 4559 πλεῖστον
1142 4507 1222 4575 pelei.

534 4604 594 4658 ἀλλ’
615 4605 644 4657 lv
658 4604 751 4675 χρόνῳ
769 4603 867 4674 γνώσει
885 4599 945 4654 rdd’
966 4598 1110 4669 ἀσφαλῶς·
1137 4597 1194 4650 inei

530 4700 630 4769 χρόνος
650 4699 756 4750 δίκαιον
775 4696 864 4765 ἄνδρα
883 4695 1018 4748 δείκνυσιν
1035 4695 1138 4764 μόνος·

532 4790 616 4843 κακὸν
634 4789 663 4842 el
681 4788 735 4841 nde
753 4791 781 4840 lv
798 4786 885 4858 ἡμέρᾳ
903 4789 996 4857 γνοίης
1012 4784 1074 4856 μιᾷ.
