4142 5675
938 643 1132 704 ..6-

466 813 667 893 Δικαίαρχος.
733 811 896 885 Quaeritur
927 813 1036 896 igitur,
1078 831 1150 876 num
1188 831 1251 894 quo
1293 819 1433 891 tempore
1470 808 1611 874 Philoclis

464 920 637 1003 tragoedia,
661 937 720 1003 qua
743 918 903 999 Sophoclis
926 921 1027 985 tabule
1051 924 1131 985 victa
1154 929 1212 1005 est,
1235 920 1324 983 docte
1339 920 1378 982 sit
1387 918 1517 984 delinire
1531 934 1610 998 pos·

465 1031 569 1093 simus.
612 1028 660 1091 lix
681 1027 841 1109 Aristoph.
865 1029 922 1091 Aa.
947 1049 975 1092 v.
995 1028 1058 1093 281
1073 1048 1120 1109 sq.
1146 1036 1175 1092 et
1198 1027 1325 1092 scholiis
1346 1028 1377 1090 in
1399 1026 1482 1090 hunc
1504 1027 1609 1091 locum

464 1138 684 1219 cognoscimus
716 1134 880 1198 Philoclem
911 1136 1057 1202 docuisse
1085 1136 1297 1220 tetralogiam,
1330 1152 1410 1217 quae
1432 1130 1612 1207 Hevdsovtc

463 1245 608 1324 inscripta
641 1248 723 1326 erat,
757 1258 927 1323 earumque
957 1242 1127 1306 lehrderum
1159 1245 1213 1306 uni
1234 1242 1334 1305 Pereo
1367 1260 1479 1304 nomen
1503 1240 1609 1324 luisse,

464 1369 543 1432 quae
566 1369 634 1415 curn
658 1368 676 1414 a
698 1349 800 1431 poetis
823 1350 951 1413 comicis
975 1352 1107 1415 maxime
1122 1350 1347 1432 deriderentur,
1369 1349 1538 1413 verisimile
1564 1356 1611 1413 est

461 1456 544 1521 illum
567 1458 614 1521 his
636 1456 713 1537 ipsis
735 1457 896 1519 victoriam
922 1456 961 1521 de
984 1457 1140 1539 Sophocle
1161 1456 1381 1539 reportavisse.
1429 1456 1518 1530 Quae
1540 1475 1609 1519 cunr

461 1566 504 1629 ita
527 1563 658 1647 luerint,
681 1564 783 1646 poetis
805 1562 864 1627 illis
886 1563 997 1627 iustior
1019 1572 1088 1628 erat
1110 1582 1222 1646 causa,
1255 1582 1312 1627 cur
1341 1580 1412 1626 eum
1444 1570 1610 1644 tantopere

460 1672 642 1755 irriderent,
678 1677 769 1754 atque
796 1670 929 1735 tortasse
950 1672 992 1735 ita
1015 1672 1082 1735 lere
1103 1672 1320 1754 loquebantur:
1356 1670 1484 1754 Videte,
1505 1671 1611 1735 Athe·

462 1781 598 1861 nienses,
620 1778 671 1843 hic
692 1778 749 1843 luit
769 1778 821 1843 ille
844 1780 1049 1863 miserrimus,
1076 1781 1126 1843 cui
1146 1797 1204 1844 vos
1227 1777 1357 1861 palmam
1380 1778 1421 1842 de
1443 1778 1609 1861 Sophoclis

460 1887 580 1969 Oedipo
598 1887 686 1968 Rege
709 1889 923 1966 concessisum
944 1893 1067 1969 poetam
1090 1888 1385 1969 praestantissimum
1408 1905 1484 1968 pree
1504 1905 1609 1970 upupn

460 1994 654 2080 neglexistis.
710 1995 821 2060 Avium
849 2004 951 2060 autem
979 1995 1143 2061 comoedia
1175 2014 1244 2060 cum
1267 1996 1359 2060 docta
1381 1997 1420 2058 sit
1442 1994 1488 2060 Ol.
1512 1993 1608 2080 91,2

460 2124 503 2163 ::
526 2100 642 2167 tlt-r.
666 2102 737 2168 Chr.
760 2120 807 2183 n.,
841 2112 910 2167 acta
939 2110 985 2167 est
1008 2103 1171 2168 Pandionis
1199 2109 1271 2167 ante
1300 2102 1382 2167 huno
1408 2121 1520 2166 annum
1545 2123 1608 2168 eo-

460 2209 595 2292 demque
618 2227 680 2292 quo
703 2208 783 2273 haec
804 2225 887 2273 anno
911 2208 1048 2292 Oedipus
1070 2209 1147 2292 Rex,
1169 2211 1195 2273 si
1217 2217 1304 2274 recte
1327 2212 1534 2289 centecimus;
1566 2212 1608 2276 de

459 2318 509 2381 illa
531 2336 608 2382 vero
631 2319 821 2401 coniectura,
844 2334 925 2399 quae
947 2318 1006 2381 iam
1030 2317 1068 2381 ah
1093 2317 1159 2381 aliis
1178 2316 1296 2398 prolate
1309 2323 1366 2402 est,
1388 2334 1452 2381 non
1475 2325 1524 2381 est
1545 2318 1609 2382 du·

459 2426 627 2489 hitendum.
672 2426 733 2490 lam
756 2441 921 2508 possumus
944 2443 1108 2509 quaerere,
1130 2443 1203 2489 num
1223 2425 1335 2488 indicia
1349 2425 1482 2490 tortasse
1504 2444 1609 2508 quae-

461 2530 530 2595 dam
553 2531 667 2616 adsint,
690 2532 802 2615 quihus
824 2551 887 2614 quo
911 2549 993 2597 enno
1015 2532 1183 2597 Pandionis
1206 2538 1274 2597 acta
1297 2534 1353 2609 sit,
1376 2541 1521 2597 accurate
1544 2533 1608 2598 de-

459 2638 548 2703 linire
569 2638 676 2718 liceat3
712 2656 814 2721 neque
849 2640 899 2703 hio
926 2639 1049 2704 silentio
1079 2646 1314 2721 praetereamus
1340 2640 1539 2724 ingeniosum
1568 2644 1606 2707 A.

460 2747 593 2813 Schoetli
627 2764 778 2812 conamen
796 2743 832 2832 ¹),
869 2764 932 2829 quo
962 2747 1033 2812 huic
1064 2748 1238 2830 quaestioni
1270 2750 1450 2812 satislecere
1481 2750 1610 2817 studuit.

459 2854 592 2938 llelegat
614 2873 673 2921 nos
695 2856 732 2918 ad
756 2853 968 2938 Thucydidem
980 2856 1015 2938 ll,
1037 2856 1090 2941 29,
1115 2856 1168 2937 qui
1191 2873 1231 2919 eo
1254 2855 1326 2920 loco
1348 2857 1477 2939 primum
1502 2865 1610 2922 namet

459 2963 668 3028 Athenienses
701 2962 750 3028 ot.
771 2962 825 3047 et,
850 2958 864 3025 l
890 2983 932 3022 =
955 2960 1017 3027 431
1043 2981 1071 3026 a.
1096 2962 1167 3028 Chr.
1190 2980 1220 3025 n.
1251 2981 1320 3026 cum
1353 2964 1482 3046 Sitelca,
1513 2966 1607 3031 Pcrei

459 3071 531 3157 filio,
554 3070 704 3135 Thracum
727 3087 822 3154 rege,
845 3070 1027 3134 societatem
1049 3070 1129 3133 inire
1147 3069 1302 3153 voluisse,
1324 3067 1438 3134 deinde
1460 3073 1609 3158 pluribus,

460 3196 551 3263 quarn
572 3178 652 3242 solet
674 3178 732 3260 uti,
755 3177 858 3242 verbis
880 3176 1015 3240 inculcat
1037 3176 1149 3240 nnllam
1172 3175 1347 3241 huic'lerei
1368 3178 1430 3242 illio
1453 3196 1522 3242 cum
1538 3181 1608 3245 'le-

460 3303 516 3350 reo
530 3304 606 3368 rege
617 3284 751 3368 mythico
763 3282 786 3369 ²)
799 3284 1058 3348 necessitudinem
1071 3283 1277 3348 intercedere.
1321 3284 1382 3348 lanr
1396 3284 1570 3350 Schoellius
1580 3287 1609 3371 ὃ)

461 3394 587 3459 coniicit
611 3409 650 3456 eo
672 3393 803 3456 loedere
816 3408 941 3455 causam
961 3389 1090 3454 Philocli
1112 3409 1170 3455 cur
1187 3391 1405 3457 Pandionidem
1428 3412 1618 3475 compone-·

460 3509 509 3567 ret
528 3503 627 3566 dotem
645 3518 725 3584 esse,
748 3502 797 3563 out
808 3499 930 3583 quidem
955 3501 1088 3563 maxime
1110 3501 1245 3583 iniquum
1269 3502 1367 3565 visum
1385 3502 1499 3567 sithoc
1519 3503 1606 3570 hello

461 3611 500 3674 eh
530 3608 772 3673 Atheniensibus
802 3608 952 3673 adversus
975 3608 1115 3674 Graecos
1138 3609 1281 3694 gerendo
1303 3610 1373 3674 illos
1396 3614 1513 3676 moveri
1539 3632 1605 3696 po-

460 3720 572 3797 tuisse,
607 3724 639 3782 ut
665 3735 735 3781 cunr
767 3717 941 3781 hominihus
969 3716 1128 3800 barbaris,
1160 3718 1252 3780 immo
1283 3734 1352 3780 curn
1387 3718 1432 3781 eis
1462 3724 1513 3801 qui
1543 3724 1604 3787 iam

461 3826 593 3910 audonis
615 3826 806 3908 temporibus
829 3828 934 3891 socios
955 3825 1093 3906 perfidos
1114 3840 1150 3887 se
1165 3825 1385 3905 praebuissent
1397 3825 1510 3891 foedus
1523 3834 1604 3895 ami-

461 3937 624 4016 citiamque
637 3933 785 3997 lacerent.
828 3932 1033 3996 concedimus
1045 3931 1251 3995 Athenienses
1267 3937 1329 3994 tum
1340 3937 1488 4015 temporis
1504 3937 1544 3998 de
1557 3958 1605 4024 ea,

462 4058 551 4124 qnam
567 4040 760 4123 Thucydides
781 4040 888 4123 innuit,
912 4036 1142 4102 necessitudine
1159 4040 1347 4122 cogitavisse
1360 4042 1405 4125 ⁴);
1427 4061 1528 4125 neque
1551 4054 1603 4109 ta-

535 4262 560 4327 t)
579 4258 744 4329 Sopholdes.
763 4255 830 4313 Sein
850 4257 932 4313 leben
953 4275 980 4319 u.
1000 4258 1115 4314 nirlteu.
1141 4257 1314 4315 Francolarti
1336 4261 1451 4333 resep.
1473 4265 1523 4319 163
1542 4282 1604 4338 sqq.

532 4351 559 4426 2)
580 4349 623 4406 (ll.
641 4349 804 4421 Apollodor.
822 4350 848 4413 3.
870 4351 911 4413 tt.
930 4350 957 4415 8,
976 4349 1047 4405 ulios
1068 4350 1292 4423 mythogruphoe.

532 4446 559 4514 ³)
580 4445 597 4499 l.
616 4461 641 4500 c.
661 4461 688 4517 p.
709 4445 770 4499 166.

532 4539 560 4610 4)
579 4535 714 4593 Conleras
741 4554 813 4610 guae
831 4534 956 4592 Boshme
986 4536 1020 4591 ed
1051 4553 1114 4593 eum
1140 4537 1232 4592 locum
1258 4546 1385 4592 eunome
1415 4537 1493 4594 diere
1518 4539 1604 4597 tune

460 4630 681 4704 mythologische
700 4629 857 4701 digression
876 4628 1151 4703 ereuheintweuiger
1169 4630 1210 4685 ele
1228 4629 1275 4684 ein
1287 4629 1503 4695 hored'oeurre,
1523 4651 1604 4690 wenu

460 4742 523 4781 men
542 4726 584 4780 sie
602 4725 643 4780 als
663 4740 753 4794 gegen
780 4723 845 4778 eine
865 4722 969 4778 demetr
987 4722 1043 4779 viel
1062 4721 1178 4793 gehdrte
1197 4721 1378 4796 heheuptung
1395 4724 1533 4794 geriehtet
1551 4744 1605 4782 rn-

457 4818 538 4874 nieht.
