<?xml version="1.0" encoding="UTF-8"?>
<!DOCTYPE html PUBLIC "-//W3C//DTD XHTML 1.0 Transitional//EN"
    "http://www.w3.org/TR/xhtml1/DTD/xhtml1-transitional.dtd">
<html xmlns="http://www.w3.org/1999/xhtml" xml:lang="en" lang="en">
 <head>
  <title>
</title>
<meta http-equiv="Content-Type" content="text/html;charset=utf-8" />
  <meta name='ocr-system' content='tesseract 3.04.00' />
  <meta name='ocr-capabilities' content='ocr_page ocr_carea ocr_par ocr_line ocrx_word'/>
</head>
<body>
  <div class='ocr_page' id='page_1' title='image "./oedipusrexquote00liongoog_0030.png"; bbox 0 0 4142 5675; ppageno 0'>
   <div class='ocr_carea' id='block_1_1' title="bbox 918 624 1132 688">
    <p class='ocr_par' dir='ltr' id='par_1_1' title="bbox 918 624 1132 688">
     <span class='ocr_line' id='line_1_1' title="bbox 918 624 1132 688; baseline 0.014 -16"><span class='ocrx_word' id='word_1_1' title='bbox 918 624 1132 688; x_wconf 75' lang='grc'>-26..</span> 
     </span>
    </p>
   </div>
   <div class='ocr_carea' id='block_1_2' title="bbox 408 790 1616 1624">
    <p class='ocr_par' dir='ltr' id='par_1_2' title="bbox 408 790 1616 1304">
     <span class='ocr_line' id='line_1_2' title="bbox 460 790 1616 878; baseline 0.001 -22"><span class='ocrx_word' id='word_1_2' title='bbox 460 790 534 866; x_wconf 66' lang='lat' dir='ltr'>aas?</span> <span class='ocrx_word' id='word_1_3' title='bbox 577 794 652 867; x_wconf 83' lang='lat' dir='ltr'>Ouia</span> <span class='ocrx_word' id='word_1_4' title='bbox 672 792 823 878; x_wconf 76' lang='lat' dir='ltr'>luxuriae,</span> <span class='ocrx_word' id='word_1_5' title='bbox 841 790 951 874; x_wconf 65' lang='lat' dir='ltr'>qnos,</span> <span class='ocrx_word' id='word_1_6' title='bbox 973 796 1072 876; x_wconf 77' lang='lat' dir='ltr'>magis</span> <span class='ocrx_word' id='word_1_7' title='bbox 1087 792 1230 859; x_wconf 78' lang='lat' dir='ltr'>deditus?</span> <span class='ocrx_word' id='word_1_8' title='bbox 1273 791 1416 874; x_wconf 86' lang='lat' dir='ltr'>Denique</span> <span class='ocrx_word' id='word_1_9' title='bbox 1429 810 1508 876; x_wconf 77' lang='lat' dir='ltr'>erga</span> <span class='ocrx_word' id='word_1_10' title='bbox 1532 791 1616 857; x_wconf 90' lang='lat' dir='ltr'>deo·</span> 
     </span>
     <span class='ocr_line' id='line_1_3' title="bbox 460 894 1616 984; baseline -0.003 -20"><span class='ocrx_word' id='word_1_11' title='bbox 460 919 527 964; x_wconf 89' lang='lat' dir='ltr'>rum</span> <span class='ocrx_word' id='word_1_12' title='bbox 550 900 712 964; x_wconf 88' lang='lat' dir='ltr'>simulacra</span> <span class='ocrx_word' id='word_1_13' title='bbox 735 918 842 981; x_wconf 90' lang='lat' dir='ltr'>parum</span> <span class='ocrx_word' id='word_1_14' title='bbox 875 907 1070 964; x_wconf 76' lang='lat' dir='ltr'>reverentem</span> <span class='ocrx_word' id='word_1_15' title='bbox 1102 900 1214 983; x_wconf 81' lang='lat' dir='ltr'>luisse,</span> <span class='ocrx_word' id='word_1_16' title='bbox 1249 894 1326 961; x_wconf 75' lang='lat' dir='ltr'>ceca</span> <span class='ocrx_word' id='word_1_17' title='bbox 1359 895 1530 979; x_wconf 60' lang='lat' dir='ltr'>carpum</span> <span class='ocrx_word' id='word_1_18' title='bbox 1559 898 1616 984; x_wconf 65' lang='lat' dir='ltr'>adq</span> 
     </span>
     <span class='ocr_line' id='line_1_4' title="bbox 408 1005 1615 1091; baseline 0.001 -22"><span class='ocrx_word' id='word_1_19' title='bbox 408 1073 411 1078; x_wconf 70' lang='grc'>,</span> <span class='ocrx_word' id='word_1_20' title='bbox 460 1007 573 1087; x_wconf 77' lang='grc' dir='ltr'><em>σέβων,</em></span> <span class='ocrx_word' id='word_1_21' title='bbox 596 1024 671 1070; x_wconf 88' lang='lat' dir='ltr'>vere</span> <span class='ocrx_word' id='word_1_22' title='bbox 694 1025 733 1069; x_wconf 91' lang='lat' dir='ltr'>an</span> <span class='ocrx_word' id='word_1_23' title='bbox 756 1007 852 1091; x_wconf 88' lang='lat' dir='ltr'>lalso,</span> <span class='ocrx_word' id='word_1_24' title='bbox 875 1007 1118 1071; x_wconf 73' lang='lat' dir='ltr'>Atheniensibus</span> <span class='ocrx_word' id='word_1_25' title='bbox 1137 1012 1223 1069; x_wconf 87' lang='lat' dir='ltr'>certe</span> <span class='ocrx_word' id='word_1_26' title='bbox 1246 1005 1515 1087; x_wconf 76' lang='lat' dir='ltr'>persuasissimum</span> <span class='ocrx_word' id='word_1_27' title='bbox 1537 1013 1615 1089; x_wconf 81' lang='lat' dir='ltr'>erat,</span> 
     </span>
     <span class='ocr_line' id='line_1_5' title="bbox 460 1113 1614 1196; baseline 0 -18"><span class='ocrx_word' id='word_1_28' title='bbox 460 1115 610 1196; x_wconf 87' lang='lat' dir='ltr'>siquidem</span> <span class='ocrx_word' id='word_1_29' title='bbox 631 1115 811 1178; x_wconf 89' lang='lat' dir='ltr'>Hermarum</span> <span class='ocrx_word' id='word_1_30' title='bbox 833 1114 1037 1179; x_wconf 77' lang='lat' dir='ltr'>mutilatorum</span> <span class='ocrx_word' id='word_1_31' title='bbox 1066 1133 1140 1179; x_wconf 91' lang='lat' dir='ltr'>reus</span> <span class='ocrx_word' id='word_1_32' title='bbox 1170 1113 1209 1178; x_wconf 87' lang='lat' dir='ltr'>ad</span> <span class='ocrx_word' id='word_1_33' title='bbox 1240 1131 1365 1179; x_wconf 86' lang='lat' dir='ltr'>causam</span> <span class='ocrx_word' id='word_1_34' title='bbox 1387 1113 1550 1178; x_wconf 88' lang='lat' dir='ltr'>dicendam</span> <span class='ocrx_word' id='word_1_35' title='bbox 1574 1133 1614 1179; x_wconf 85' lang='lat' dir='ltr'>ex</span> 
     </span>
     <span class='ocr_line' id='line_1_6' title="bbox 461 1222 1072 1304; baseline -0.003 -18"><span class='ocrx_word' id='word_1_36' title='bbox 461 1222 659 1304; x_wconf 78' lang='lat' dir='ltr'>expeditione</span> <span class='ocrx_word' id='word_1_37' title='bbox 682 1222 785 1287; x_wconf 89' lang='lat' dir='ltr'>Sicula</span> <span class='ocrx_word' id='word_1_38' title='bbox 806 1231 971 1287; x_wconf 85' lang='lat' dir='ltr'>revocatus</span> <span class='ocrx_word' id='word_1_39' title='bbox 995 1226 1072 1290; x_wconf 57' lang='grc' dir='ltr'>οειέι</span> 
     </span>
    </p>

    <p class='ocr_par' dir='ltr' id='par_1_3' title="bbox 459 1324 1611 1624">
     <span class='ocr_line' id='line_1_7' title="bbox 548 1324 1611 1411; baseline 0 -20"><span class='ocrx_word' id='word_1_40' title='bbox 548 1329 655 1410; x_wconf 77' lang='lat' dir='ltr'>ltaque</span> <span class='ocrx_word' id='word_1_41' title='bbox 677 1329 791 1393; x_wconf 90' lang='lat' dir='ltr'>chorus</span> <span class='ocrx_word' id='word_1_42' title='bbox 814 1348 937 1396; x_wconf 86' lang='lat' dir='ltr'>causam</span> <span class='ocrx_word' id='word_1_43' title='bbox 962 1329 1105 1398; x_wconf 80' lang='lat' dir='ltr'>lectionis</span> <span class='ocrx_word' id='word_1_44' title='bbox 1128 1329 1204 1411; x_wconf 90' lang='lat' dir='ltr'>eius,</span> <span class='ocrx_word' id='word_1_45' title='bbox 1226 1345 1307 1409; x_wconf 88' lang='lat' dir='ltr'>quae</span> <span class='ocrx_word' id='word_1_46' title='bbox 1321 1324 1471 1390; x_wconf 79' lang='lat' dir='ltr'>Alcibiadi</span> <span class='ocrx_word' id='word_1_47' title='bbox 1495 1327 1611 1391; x_wconf 82' lang='lat' dir='ltr'>adner-</span> 
     </span>
     <span class='ocr_line' id='line_1_8' title="bbox 459 1433 1611 1519; baseline 0 -20"><span class='ocrx_word' id='word_1_48' title='bbox 459 1436 540 1500; x_wconf 87' lang='lat' dir='ltr'>saria</span> <span class='ocrx_word' id='word_1_49' title='bbox 563 1434 636 1519; x_wconf 86' lang='lat' dir='ltr'>luit,</span> <span class='ocrx_word' id='word_1_50' title='bbox 670 1436 750 1519; x_wconf 79' lang='lat' dir='ltr'>egit,</span> <span class='ocrx_word' id='word_1_51' title='bbox 784 1454 888 1517; x_wconf 90' lang='lat' dir='ltr'>neque</span> <span class='ocrx_word' id='word_1_52' title='bbox 920 1443 1023 1500; x_wconf 91' lang='lat' dir='ltr'>tamen</span> <span class='ocrx_word' id='word_1_53' title='bbox 1046 1433 1231 1517; x_wconf 88' lang='lat' dir='ltr'>Sophoclem</span> <span class='ocrx_word' id='word_1_54' title='bbox 1260 1435 1359 1514; x_wconf 91' lang='lat' dir='ltr'>ipsum</span> <span class='ocrx_word' id='word_1_55' title='bbox 1388 1433 1479 1515; x_wconf 90' lang='lat' dir='ltr'>plane</span> <span class='ocrx_word' id='word_1_56' title='bbox 1502 1434 1542 1498; x_wconf 91' lang='lat' dir='ltr'>ab</span> <span class='ocrx_word' id='word_1_57' title='bbox 1566 1434 1611 1499; x_wconf 85' lang='lat' dir='ltr'>bis</span> 
     </span>
     <span class='ocr_line' id='line_1_9' title="bbox 459 1538 1609 1624; baseline -0.001 -20"><span class='ocrx_word' id='word_1_58' title='bbox 459 1541 597 1623; x_wconf 90' lang='lat' dir='ltr'>partibus</span> <span class='ocrx_word' id='word_1_59' title='bbox 619 1547 703 1606; x_wconf 88' lang='lat' dir='ltr'>stare</span> <span class='ocrx_word' id='word_1_60' title='bbox 723 1549 811 1605; x_wconf 90' lang='lat' dir='ltr'>recte</span> <span class='ocrx_word' id='word_1_61' title='bbox 824 1540 996 1609; x_wconf 85' lang='lat' dir='ltr'>Schocllius</span> <span class='ocrx_word' id='word_1_62' title='bbox 1018 1541 1140 1606; x_wconf 85' lang='lat' dir='ltr'>censuit</span> <span class='ocrx_word' id='word_1_63' title='bbox 1156 1539 1188 1624; x_wconf 83' lang='lat'>¹).</span> <span class='ocrx_word' id='word_1_64' title='bbox 1230 1538 1334 1620; x_wconf 82' lang='lat' dir='ltr'>Atque</span> <span class='ocrx_word' id='word_1_65' title='bbox 1357 1546 1390 1603; x_wconf 93' lang='lat' dir='ltr'>ut</span> <span class='ocrx_word' id='word_1_66' title='bbox 1413 1539 1487 1620; x_wconf 94' lang='lat' dir='ltr'>quid</span> <span class='ocrx_word' id='word_1_67' title='bbox 1511 1539 1553 1604; x_wconf 91' lang='lat' dir='ltr'>de</span> <span class='ocrx_word' id='word_1_68' title='bbox 1575 1558 1609 1603; x_wconf 86' lang='lat' dir='ltr'>ea</span> 
     </span>
    </p>
   </div>
   <div class='ocr_carea' id='block_1_3' title="bbox 355 1646 1645 1732">
    <p class='ocr_par' dir='ltr' id='par_1_4' title="bbox 355 1646 1645 1732">
     <span class='ocr_line' id='line_1_10' title="bbox 355 1646 1645 1732; baseline -0.005 -21"><span class='ocrx_word' id='word_1_69' title='bbox 355 1690 358 1697; x_wconf 85' lang='lat'>·</span> <span class='ocrx_word' id='word_1_70' title='bbox 458 1666 495 1712; x_wconf 89' lang='lat' dir='ltr'>re</span> <span class='ocrx_word' id='word_1_71' title='bbox 516 1650 646 1713; x_wconf 88' lang='lat' dir='ltr'>sentiam</span> <span class='ocrx_word' id='word_1_72' title='bbox 668 1650 803 1714; x_wconf 83' lang='lat' dir='ltr'>breuiter</span> <span class='ocrx_word' id='word_1_73' title='bbox 829 1666 1015 1732; x_wconf 91' lang='lat' dir='ltr'>proponam,</span> <span class='ocrx_word' id='word_1_74' title='bbox 1045 1646 1223 1713; x_wconf 80' lang='lat' dir='ltr'>Alcibiades</span> <span class='ocrx_word' id='word_1_75' title='bbox 1245 1663 1322 1710; x_wconf 86' lang='lat' dir='ltr'>sane</span> <span class='ocrx_word' id='word_1_76' title='bbox 1345 1647 1507 1710; x_wconf 85' lang='lat' dir='ltr'>criminum</span> <span class='ocrx_word' id='word_1_77' title='bbox 1530 1666 1609 1728; x_wconf 81' lang='lat' dir='ltr'>quoe</span> <span class='ocrx_word' id='word_1_78' title='bbox 1644 1695 1645 1704; x_wconf 73' lang='grc'>,</span> 
     </span>
    </p>
   </div>
   <div class='ocr_carea' id='block_1_4' title="bbox 453 1754 1646 4288">
    <p class='ocr_par' dir='ltr' id='par_1_5' title="bbox 458 1754 1608 2588">
     <span class='ocr_line' id='line_1_11' title="bbox 458 1754 1608 1840; baseline -0.001 -22"><span class='ocrx_word' id='word_1_79' title='bbox 458 1756 581 1836; x_wconf 89' lang='lat' dir='ltr'>publice</span> <span class='ocrx_word' id='word_1_80' title='bbox 611 1758 642 1818; x_wconf 94' lang='lat' dir='ltr'>in</span> <span class='ocrx_word' id='word_1_81' title='bbox 672 1774 741 1819; x_wconf 91' lang='lat' dir='ltr'>cum</span> <span class='ocrx_word' id='word_1_82' title='bbox 778 1763 931 1840; x_wconf 85' lang='lat' dir='ltr'>congesta</span> <span class='ocrx_word' id='word_1_83' title='bbox 957 1762 1028 1820; x_wconf 88' lang='lat' dir='ltr'>sunt</span> <span class='ocrx_word' id='word_1_84' title='bbox 1061 1755 1141 1819; x_wconf 88' lang='lat' dir='ltr'>ialso</span> <span class='ocrx_word' id='word_1_85' title='bbox 1164 1760 1326 1819; x_wconf 88' lang='lat' dir='ltr'>aecusatus</span> <span class='ocrx_word' id='word_1_86' title='bbox 1349 1772 1452 1835; x_wconf 90' lang='lat' dir='ltr'>neque</span> <span class='ocrx_word' id='word_1_87' title='bbox 1474 1755 1559 1819; x_wconf 90' lang='lat' dir='ltr'>atiud</span> <span class='ocrx_word' id='word_1_88' title='bbox 1581 1754 1608 1818; x_wconf 90' lang='lat' dir='ltr'>ei</span> 
     </span>
     <span class='ocr_line' id='line_1_12' title="bbox 459 1861 1608 1944; baseline 0.001 -21"><span class='ocrx_word' id='word_1_89' title='bbox 459 1861 518 1925; x_wconf 93' lang='lat' dir='ltr'>nisi</span> <span class='ocrx_word' id='word_1_90' title='bbox 540 1863 685 1944; x_wconf 89' lang='lat' dir='ltr'>superbia</span> <span class='ocrx_word' id='word_1_91' title='bbox 719 1862 869 1943; x_wconf 84' lang='lat' dir='ltr'>quaedam</span> <span class='ocrx_word' id='word_1_92' title='bbox 907 1861 1050 1925; x_wconf 83' lang='lat' dir='ltr'>iuuenilis</span> <span class='ocrx_word' id='word_1_93' title='bbox 1080 1861 1172 1926; x_wconf 88' lang='lat' dir='ltr'>animi</span> <span class='ocrx_word' id='word_1_94' title='bbox 1194 1877 1401 1944; x_wconf 81' lang='lat' dir='ltr'>magnumque</span> <span class='ocrx_word' id='word_1_95' title='bbox 1423 1877 1608 1926; x_wconf 88' lang='lat' dir='ltr'>summorum</span> 
     </span>
     <span class='ocr_line' id='line_1_13' title="bbox 459 1967 1607 2050; baseline 0.001 -19"><span class='ocrx_word' id='word_1_96' title='bbox 459 1968 613 2032; x_wconf 89' lang='lat' dir='ltr'>bonorum</span> <span class='ocrx_word' id='word_1_97' title='bbox 634 1969 766 2032; x_wconf 87' lang='lat' dir='ltr'>studium</span> <span class='ocrx_word' id='word_1_98' title='bbox 790 1970 907 2032; x_wconf 90' lang='lat' dir='ltr'>crimini</span> <span class='ocrx_word' id='word_1_99' title='bbox 931 1967 1067 2033; x_wconf 89' lang='lat' dir='ltr'>dandum</span> <span class='ocrx_word' id='word_1_100' title='bbox 1100 1987 1172 2032; x_wconf 90' lang='lat' dir='ltr'>esse</span> <span class='ocrx_word' id='word_1_101' title='bbox 1194 1968 1330 2046; x_wconf 62' lang='lat' dir='ltr'>videtum</span> <span class='ocrx_word' id='word_1_102' title='bbox 1367 1975 1399 2031; x_wconf 87' lang='lat' dir='ltr'>at</span> <span class='ocrx_word' id='word_1_103' title='bbox 1433 1968 1607 2050; x_wconf 88' lang='lat' dir='ltr'>siquando</span> 
     </span>
     <span class='ocr_line' id='line_1_14' title="bbox 459 2075 1606 2160; baseline 0 -19"><span class='ocrx_word' id='word_1_104' title='bbox 459 2075 667 2141; x_wconf 86' lang='lat' dir='ltr'>Athenienses</span> <span class='ocrx_word' id='word_1_105' title='bbox 689 2078 828 2140; x_wconf 90' lang='lat' dir='ltr'>insanam</span> <span class='ocrx_word' id='word_1_106' title='bbox 858 2076 938 2140; x_wconf 92' lang='lat' dir='ltr'>illam</span> <span class='ocrx_word' id='word_1_107' title='bbox 968 2078 1199 2160; x_wconf 82' lang='lat' dir='ltr'>expeditionem</span> <span class='ocrx_word' id='word_1_108' title='bbox 1228 2075 1379 2140; x_wconf 85' lang='lat' dir='ltr'>aduersus</span> <span class='ocrx_word' id='word_1_109' title='bbox 1399 2075 1536 2142; x_wconf 87' lang='lat' dir='ltr'>Siciliam</span> <span class='ocrx_word' id='word_1_110' title='bbox 1558 2077 1606 2141; x_wconf 86' lang='lat' dir='ltr'>la·</span> 
     </span>
     <span class='ocr_line' id='line_1_15' title="bbox 459 2182 1606 2268; baseline -0.001 -22"><span class='ocrx_word' id='word_1_111' title='bbox 459 2202 534 2246; x_wconf 87' lang='lat' dir='ltr'>cere</span> <span class='ocrx_word' id='word_1_112' title='bbox 556 2184 768 2268; x_wconf 81' lang='lat' dir='ltr'>instituerant,</span> <span class='ocrx_word' id='word_1_113' title='bbox 797 2184 929 2265; x_wconf 90' lang='lat' dir='ltr'>optimus</span> <span class='ocrx_word' id='word_1_114' title='bbox 954 2202 1032 2248; x_wconf 90' lang='lat' dir='ltr'>sane</span> <span class='ocrx_word' id='word_1_115' title='bbox 1065 2183 1128 2247; x_wconf 81' lang='lat' dir='ltr'>dux</span> <span class='ocrx_word' id='word_1_116' title='bbox 1157 2183 1209 2265; x_wconf 94' lang='lat' dir='ltr'>qui</span> <span class='ocrx_word' id='word_1_117' title='bbox 1231 2201 1357 2265; x_wconf 88' lang='lat' dir='ltr'>parvam</span> <span class='ocrx_word' id='word_1_118' title='bbox 1378 2182 1488 2246; x_wconf 87' lang='lat' dir='ltr'>saltem</span> <span class='ocrx_word' id='word_1_119' title='bbox 1510 2182 1606 2246; x_wconf 85' lang='lat' dir='ltr'>felicis</span> 
     </span>
     <span class='ocr_line' id='line_1_16' title="bbox 459 2288 1607 2373; baseline -0.002 -20"><span class='ocrx_word' id='word_1_120' title='bbox 459 2292 560 2354; x_wconf 89' lang='lat' dir='ltr'>exitus</span> <span class='ocrx_word' id='word_1_121' title='bbox 591 2308 678 2373; x_wconf 88' lang='lat' dir='ltr'>spem</span> <span class='ocrx_word' id='word_1_122' title='bbox 712 2292 876 2372; x_wconf 89' lang='lat' dir='ltr'>praeberet</span> <span class='ocrx_word' id='word_1_123' title='bbox 896 2297 963 2354; x_wconf 91' lang='lat' dir='ltr'>erat</span> <span class='ocrx_word' id='word_1_124' title='bbox 984 2290 1162 2355; x_wconf 88' lang='lat' dir='ltr'>Alcibiades</span> <span class='ocrx_word' id='word_1_125' title='bbox 1184 2289 1352 2372; x_wconf 90' lang='lat' dir='ltr'>populique</span> <span class='ocrx_word' id='word_1_126' title='bbox 1376 2288 1538 2354; x_wconf 90' lang='lat' dir='ltr'>multitudo</span> <span class='ocrx_word' id='word_1_127' title='bbox 1559 2290 1607 2352; x_wconf 84' lang='lat' dir='ltr'>vel</span> 
     </span>
     <span class='ocr_line' id='line_1_17' title="bbox 459 2397 1606 2481; baseline -0.003 -19"><span class='ocrx_word' id='word_1_128' title='bbox 459 2400 590 2462; x_wconf 87' lang='lat' dir='ltr'>maxime</span> <span class='ocrx_word' id='word_1_129' title='bbox 619 2406 727 2461; x_wconf 89' lang='lat' dir='ltr'>contra</span> <span class='ocrx_word' id='word_1_130' title='bbox 756 2416 842 2463; x_wconf 88' lang='lat' dir='ltr'>suam</span> <span class='ocrx_word' id='word_1_131' title='bbox 870 2399 966 2481; x_wconf 84' lang='lat' dir='ltr'>ipsius</span> <span class='ocrx_word' id='word_1_132' title='bbox 992 2398 1121 2463; x_wconf 87' lang='lat' dir='ltr'>salutem</span> <span class='ocrx_word' id='word_1_133' title='bbox 1144 2399 1208 2477; x_wconf 77' lang='lat' dir='ltr'>egit</span> <span class='ocrx_word' id='word_1_134' title='bbox 1228 2415 1439 2478; x_wconf 84' lang='lat' dir='ltr'>summamque</span> <span class='ocrx_word' id='word_1_135' title='bbox 1461 2397 1520 2461; x_wconf 90' lang='lat' dir='ltr'>sibi</span> <span class='ocrx_word' id='word_1_136' title='bbox 1542 2398 1606 2478; x_wconf 88' lang='lat' dir='ltr'>ipsa</span> 
     </span>
     <span class='ocr_line' id='line_1_18' title="bbox 459 2503 1380 2588; baseline -0.002 -21"><span class='ocrx_word' id='word_1_137' title='bbox 459 2504 625 2586; x_wconf 89' lang='lat' dir='ltr'>perniciem</span> <span class='ocrx_word' id='word_1_138' title='bbox 648 2504 783 2588; x_wconf 86' lang='lat' dir='ltr'>paravit,</span> <span class='ocrx_word' id='word_1_139' title='bbox 805 2523 874 2568; x_wconf 90' lang='lat' dir='ltr'>cum</span> <span class='ocrx_word' id='word_1_140' title='bbox 897 2506 938 2567; x_wconf 90' lang='lat' dir='ltr'>ita</span> <span class='ocrx_word' id='word_1_141' title='bbox 961 2506 993 2567; x_wconf 91' lang='lat' dir='ltr'>in</span> <span class='ocrx_word' id='word_1_142' title='bbox 1016 2524 1087 2570; x_wconf 91' lang='lat' dir='ltr'>eum</span> <span class='ocrx_word' id='word_1_143' title='bbox 1104 2503 1380 2568; x_wconf 84' lang='lat' dir='ltr'>animaduerteret.</span> 
     </span>
    </p>

    <p class='ocr_par' dir='ltr' id='par_1_6' title="bbox 453 2607 1646 4288">
     <span class='ocr_line' id='line_1_19' title="bbox 544 2607 1645 2691; baseline 0.001 -20"><span class='ocrx_word' id='word_1_144' title='bbox 544 2610 708 2675; x_wconf 90' lang='lat' dir='ltr'>Possumus</span> <span class='ocrx_word' id='word_1_145' title='bbox 735 2612 827 2675; x_wconf 87' lang='lat' dir='ltr'>etiam</span> <span class='ocrx_word' id='word_1_146' title='bbox 855 2612 886 2674; x_wconf 93' lang='lat' dir='ltr'>in</span> <span class='ocrx_word' id='word_1_147' title='bbox 915 2628 955 2673; x_wconf 89' lang='lat' dir='ltr'>co</span> <span class='ocrx_word' id='word_1_148' title='bbox 979 2610 1206 2674; x_wconf 87' lang='lat' dir='ltr'>similitudinem</span> <span class='ocrx_word' id='word_1_149' title='bbox 1228 2610 1381 2691; x_wconf 87' lang='lat' dir='ltr'>quandam</span> <span class='ocrx_word' id='word_1_150' title='bbox 1404 2610 1486 2672; x_wconf 91' lang='lat' dir='ltr'>inter</span> <span class='ocrx_word' id='word_1_151' title='bbox 1508 2607 1605 2672; x_wconf 87' lang='lat' dir='ltr'>Oedi·</span> <span class='ocrx_word' id='word_1_152' title='bbox 1644 2625 1645 2684; x_wconf 52' lang='grc' dir='ltr'>ζ</span> 
     </span>
     <span class='ocr_line' id='line_1_20' title="bbox 457 2715 1606 2799; baseline -0.001 -20"><span class='ocrx_word' id='word_1_153' title='bbox 457 2734 528 2797; x_wconf 93' lang='lat' dir='ltr'>pum</span> <span class='ocrx_word' id='word_1_154' title='bbox 551 2724 583 2779; x_wconf 91' lang='lat' dir='ltr'>et</span> <span class='ocrx_word' id='word_1_155' title='bbox 604 2716 795 2780; x_wconf 90' lang='lat' dir='ltr'>Alcibiadem</span> <span class='ocrx_word' id='word_1_156' title='bbox 816 2718 972 2799; x_wconf 87' lang='lat' dir='ltr'>reperire,</span> <span class='ocrx_word' id='word_1_157' title='bbox 1004 2716 1087 2797; x_wconf 89' lang='lat' dir='ltr'>quod</span> <span class='ocrx_word' id='word_1_158' title='bbox 1111 2717 1233 2798; x_wconf 86' lang='lat' dir='ltr'>utrique</span> <span class='ocrx_word' id='word_1_159' title='bbox 1256 2716 1397 2779; x_wconf 87' lang='lat' dir='ltr'>exsilium</span> <span class='ocrx_word' id='word_1_160' title='bbox 1419 2715 1606 2797; x_wconf 75' lang='lat' dir='ltr'>imminebat,</span> 
     </span>
     <span class='ocr_line' id='line_1_21' title="bbox 458 2821 1606 2907; baseline -0.002 -20"><span class='ocrx_word' id='word_1_161' title='bbox 458 2822 515 2887; x_wconf 88' lang='lat' dir='ltr'>sed</span> <span class='ocrx_word' id='word_1_162' title='bbox 538 2823 565 2887; x_wconf 90' lang='lat' dir='ltr'>si</span> <span class='ocrx_word' id='word_1_163' title='bbox 587 2826 745 2907; x_wconf 88' lang='lat' dir='ltr'>utriusque</span> <span class='ocrx_word' id='word_1_164' title='bbox 764 2824 919 2888; x_wconf 77' lang='lat' dir='ltr'>lcnunam</span> <span class='ocrx_word' id='word_1_165' title='bbox 937 2825 1109 2888; x_wconf 82' lang='lat' dir='ltr'>accuratius</span> <span class='ocrx_word' id='word_1_166' title='bbox 1125 2823 1417 2906; x_wconf 83' lang='lat' dir='ltr'>comparaverimus,</span> <span class='ocrx_word' id='word_1_167' title='bbox 1438 2821 1550 2887; x_wconf 83' lang='lat' dir='ltr'>eadem</span> <span class='ocrx_word' id='word_1_168' title='bbox 1571 2841 1606 2885; x_wconf 90' lang='lat' dir='ltr'>re</span> 
     </span>
     <span class='ocr_line' id='line_1_22' title="bbox 458 2929 1605 3013; baseline 0 -21"><span class='ocrx_word' id='word_1_169' title='bbox 458 2929 611 2994; x_wconf 84' lang='lat' dir='ltr'>diversam</span> <span class='ocrx_word' id='word_1_170' title='bbox 635 2949 760 3013; x_wconf 94' lang='lat' dir='ltr'>quoque</span> <span class='ocrx_word' id='word_1_171' title='bbox 783 2950 851 2995; x_wconf 89' lang='lat' dir='ltr'>eam</span> <span class='ocrx_word' id='word_1_172' title='bbox 876 2949 946 2995; x_wconf 89' lang='lat' dir='ltr'>esse</span> <span class='ocrx_word' id='word_1_173' title='bbox 968 2930 1138 3012; x_wconf 89' lang='lat' dir='ltr'>apparebit.</span> <span class='ocrx_word' id='word_1_174' title='bbox 1181 2931 1277 2994; x_wconf 88' lang='lat' dir='ltr'>hlulto</span> <span class='ocrx_word' id='word_1_175' title='bbox 1301 2931 1382 2993; x_wconf 89' lang='lat' dir='ltr'>anim</span> <span class='ocrx_word' id='word_1_176' title='bbox 1406 2930 1496 2995; x_wconf 86' lang='lat' dir='ltr'>aliter</span> <span class='ocrx_word' id='word_1_177' title='bbox 1507 2930 1605 2996; x_wconf 89' lang='lat' dir='ltr'>Athe-</span> 
     </span>
     <span class='ocr_line' id='line_1_23' title="bbox 458 3034 1605 3120; baseline 0.004 -23"><span class='ocrx_word' id='word_1_178' title='bbox 458 3036 584 3100; x_wconf 87' lang='lat' dir='ltr'>nienses</span> <span class='ocrx_word' id='word_1_179' title='bbox 606 3037 797 3100; x_wconf 88' lang='lat' dir='ltr'>Alcibiadem</span> <span class='ocrx_word' id='word_1_180' title='bbox 829 3046 922 3120; x_wconf 90' lang='lat' dir='ltr'>atque</span> <span class='ocrx_word' id='word_1_181' title='bbox 949 3036 1053 3101; x_wconf 79' lang='lat' dir='ltr'>Creon</span> <span class='ocrx_word' id='word_1_182' title='bbox 1076 3035 1276 3118; x_wconf 84' lang='lat' dir='ltr'>Thebanique</span> <span class='ocrx_word' id='word_1_183' title='bbox 1299 3034 1449 3118; x_wconf 85' lang='lat' dir='ltr'>Oedipum</span> <span class='ocrx_word' id='word_1_184' title='bbox 1483 3037 1605 3103; x_wconf 81' lang='lat' dir='ltr'>iudica·</span> 
     </span>
     <span class='ocr_line' id='line_1_24' title="bbox 456 3143 1606 3227; baseline 0.002 -22"><span class='ocrx_word' id='word_1_185' title='bbox 456 3149 576 3206; x_wconf 89' lang='lat' dir='ltr'>verunt.</span> <span class='ocrx_word' id='word_1_186' title='bbox 631 3143 694 3206; x_wconf 87' lang='lat' dir='ltr'>lam</span> <span class='ocrx_word' id='word_1_187' title='bbox 720 3144 813 3227; x_wconf 80' lang='lat' dir='ltr'>igitur</span> <span class='ocrx_word' id='word_1_188' title='bbox 844 3152 937 3226; x_wconf 85' lang='lat' dir='ltr'>poeta</span> <span class='ocrx_word' id='word_1_189' title='bbox 968 3144 1198 3226; x_wconf 90' lang='lat' dir='ltr'>quodammodo</span> <span class='ocrx_word' id='word_1_190' title='bbox 1229 3145 1314 3208; x_wconf 86' lang='lat' dir='ltr'>cives</span> <span class='ocrx_word' id='word_1_191' title='bbox 1335 3161 1411 3208; x_wconf 88' lang='lat' dir='ltr'>suos</span> <span class='ocrx_word' id='word_1_192' title='bbox 1433 3143 1606 3210; x_wconf 89' lang='lat' dir='ltr'>admonere</span> 
     </span>
     <span class='ocr_line' id='line_1_25' title="bbox 455 3248 1606 3334; baseline 0.003 -20"><span class='ocrx_word' id='word_1_193' title='bbox 455 3248 588 3334; x_wconf 86' lang='lat' dir='ltr'>videtur,</span> <span class='ocrx_word' id='word_1_194' title='bbox 611 3268 652 3315; x_wconf 91' lang='lat' dir='ltr'>ne</span> <span class='ocrx_word' id='word_1_195' title='bbox 674 3251 787 3316; x_wconf 86' lang='lat' dir='ltr'>indicta</span> <span class='ocrx_word' id='word_1_196' title='bbox 809 3268 903 3316; x_wconf 89' lang='lat' dir='ltr'>causa</span> <span class='ocrx_word' id='word_1_197' title='bbox 926 3252 1025 3314; x_wconf 89' lang='lat' dir='ltr'>civem</span> <span class='ocrx_word' id='word_1_198' title='bbox 1048 3253 1146 3333; x_wconf 85' lang='lat' dir='ltr'>patria</span> <span class='ocrx_word' id='word_1_199' title='bbox 1169 3251 1308 3315; x_wconf 86' lang='lat' dir='ltr'>eliciant:</span> <span class='ocrx_word' id='word_1_200' title='bbox 1339 3268 1408 3314; x_wconf 84' lang='lat' dir='ltr'>nam</span> <span class='ocrx_word' id='word_1_201' title='bbox 1431 3269 1606 3333; x_wconf 84' lang='lat' dir='ltr'>quanquam</span> 
     </span>
     <span class='ocr_line' id='line_1_26' title="bbox 455 3354 1606 3437; baseline 0.003 -21"><span class='ocrx_word' id='word_1_202' title='bbox 455 3354 608 3418; x_wconf 78' lang='lat' dir='ltr'>nefastum</span> <span class='ocrx_word' id='word_1_203' title='bbox 630 3354 740 3435; x_wconf 89' lang='lat' dir='ltr'>Oedipi</span> <span class='ocrx_word' id='word_1_204' title='bbox 762 3356 880 3420; x_wconf 87' lang='lat' dir='ltr'>lacinus</span> <span class='ocrx_word' id='word_1_205' title='bbox 901 3355 1043 3419; x_wconf 94' lang='lat' dir='ltr'>omnibus</span> <span class='ocrx_word' id='word_1_206' title='bbox 1070 3365 1209 3437; x_wconf 87' lang='lat' dir='ltr'>apertum</span> <span class='ocrx_word' id='word_1_207' title='bbox 1233 3363 1300 3418; x_wconf 91' lang='lat' dir='ltr'>erat</span> <span class='ocrx_word' id='word_1_208' title='bbox 1322 3371 1425 3437; x_wconf 90' lang='lat' dir='ltr'>neque</span> <span class='ocrx_word' id='word_1_209' title='bbox 1447 3355 1606 3419; x_wconf 87' lang='lat' dir='ltr'>oraculum</span> 
     </span>
     <span class='ocr_line' id='line_1_27' title="bbox 456 3460 1606 3544; baseline 0.001 -20"><span class='ocrx_word' id='word_1_210' title='bbox 456 3469 572 3525; x_wconf 90' lang='lat' dir='ltr'>tantum</span> <span class='ocrx_word' id='word_1_211' title='bbox 596 3462 653 3525; x_wconf 89' lang='lat' dir='ltr'>scd</span> <span class='ocrx_word' id='word_1_212' title='bbox 676 3463 742 3544; x_wconf 90' lang='lat' dir='ltr'>ipsc</span> <span class='ocrx_word' id='word_1_213' title='bbox 766 3479 890 3544; x_wconf 89' lang='lat' dir='ltr'>quoque</span> <span class='ocrx_word' id='word_1_214' title='bbox 913 3460 1052 3543; x_wconf 88' lang='lat' dir='ltr'>Oedipus</span> <span class='ocrx_word' id='word_1_215' title='bbox 1084 3470 1175 3525; x_wconf 86' lang='lat' dir='ltr'>antea</span> <span class='ocrx_word' id='word_1_216' title='bbox 1197 3463 1385 3543; x_wconf 80' lang='lat' dir='ltr'>grauissimis</span> <span class='ocrx_word' id='word_1_217' title='bbox 1407 3461 1512 3525; x_wconf 88' lang='lat' dir='ltr'>verbis</span> <span class='ocrx_word' id='word_1_218' title='bbox 1535 3481 1606 3525; x_wconf 90' lang='lat' dir='ltr'>eum</span> 
     </span>
     <span class='ocr_line' id='line_1_28' title="bbox 455 3566 1646 3652; baseline 0.003 -22"><span class='ocrx_word' id='word_1_219' title='bbox 455 3569 508 3648; x_wconf 93' lang='lat' dir='ltr'>qui</span> <span class='ocrx_word' id='word_1_220' title='bbox 531 3569 635 3632; x_wconf 82' lang='lat' dir='ltr'>Laium</span> <span class='ocrx_word' id='word_1_221' title='bbox 659 3568 866 3632; x_wconf 78' lang='lat' dir='ltr'>interfecisset</span> <span class='ocrx_word' id='word_1_222' title='bbox 896 3567 972 3629; x_wconf 91' lang='lat' dir='ltr'>urbe</span> <span class='ocrx_word' id='word_1_223' title='bbox 995 3566 1171 3648; x_wconf 90' lang='lat' dir='ltr'>pellendum</span> <span class='ocrx_word' id='word_1_224' title='bbox 1195 3584 1266 3631; x_wconf 88' lang='lat' dir='ltr'>esse</span> <span class='ocrx_word' id='word_1_225' title='bbox 1290 3566 1459 3652; x_wconf 58' lang='lat' dir='ltr'>disereti),</span> <span class='ocrx_word' id='word_1_226' title='bbox 1491 3575 1523 3632; x_wconf 90' lang='lat' dir='ltr'>et</span> <span class='ocrx_word' id='word_1_227' title='bbox 1545 3571 1605 3633; x_wconf 78' lang='lat' dir='ltr'>iam</span> <span class='ocrx_word' id='word_1_228' title='bbox 1640 3610 1646 3625; x_wconf 80' lang='lat'><strong>·</strong></span> 
     </span>
     <span class='ocr_line' id='line_1_29' title="bbox 454 3672 1606 3759; baseline 0.004 -24"><span class='ocrx_word' id='word_1_229' title='bbox 454 3692 485 3737; x_wconf 88' lang='lat' dir='ltr'>v.</span> <span class='ocrx_word' id='word_1_230' title='bbox 510 3672 593 3738; x_wconf 76' lang='lat'>1436</span> <span class='ocrx_word' id='word_1_231' title='bbox 617 3692 662 3756; x_wconf 88' lang='lat' dir='ltr'>sq.</span> <span class='ocrx_word' id='word_1_232' title='bbox 684 3673 744 3736; x_wconf 89' lang='lat' dir='ltr'>hoc</span> <span class='ocrx_word' id='word_1_233' title='bbox 766 3691 807 3736; x_wconf 85' lang='lat' dir='ltr'>ex</span> <span class='ocrx_word' id='word_1_234' title='bbox 829 3672 963 3736; x_wconf 82' lang='lat' dir='ltr'>Creonte</span> <span class='ocrx_word' id='word_1_235' title='bbox 992 3675 1081 3759; x_wconf 85' lang='lat' dir='ltr'>petit,</span> <span class='ocrx_word' id='word_1_236' title='bbox 1110 3673 1159 3737; x_wconf 89' lang='lat' dir='ltr'>hic</span> <span class='ocrx_word' id='word_1_237' title='bbox 1191 3682 1294 3738; x_wconf 88' lang='lat' dir='ltr'>tameo</span> <span class='ocrx_word' id='word_1_238' title='bbox 1329 3692 1398 3736; x_wconf 90' lang='lat' dir='ltr'>oum</span> <span class='ocrx_word' id='word_1_239' title='bbox 1421 3691 1531 3737; x_wconf 89' lang='lat' dir='ltr'>omnes</span> <span class='ocrx_word' id='word_1_240' title='bbox 1554 3693 1606 3740; x_wconf 87' lang='lat' dir='ltr'>res</span> 
     </span>
     <span class='ocr_line' id='line_1_30' title="bbox 457 3779 1606 3865; baseline -0.001 -20"><span class='ocrx_word' id='word_1_241' title='bbox 457 3779 538 3845; x_wconf 89' lang='lat' dir='ltr'>adeo</span> <span class='ocrx_word' id='word_1_242' title='bbox 562 3782 761 3865; x_wconf 85' lang='lat' dir='ltr'>perturbatae</span> <span class='ocrx_word' id='word_1_243' title='bbox 784 3781 853 3865; x_wconf 85' lang='lat' dir='ltr'>sint,</span> <span class='ocrx_word' id='word_1_244' title='bbox 876 3789 1041 3862; x_wconf 88' lang='lat' dir='ltr'>antequam</span> <span class='ocrx_word' id='word_1_245' title='bbox 1064 3781 1145 3843; x_wconf 92' lang='lat' dir='ltr'>illum</span> <span class='ocrx_word' id='word_1_246' title='bbox 1168 3780 1200 3842; x_wconf 92' lang='lat' dir='ltr'>in</span> <span class='ocrx_word' id='word_1_247' title='bbox 1218 3780 1358 3843; x_wconf 89' lang='lat' dir='ltr'>exsilium</span> <span class='ocrx_word' id='word_1_248' title='bbox 1380 3779 1467 3842; x_wconf 90' lang='lat' dir='ltr'>abire</span> <span class='ocrx_word' id='word_1_249' title='bbox 1481 3781 1606 3862; x_wconf 85' lang='lat' dir='ltr'>patitur,</span> 
     </span>
     <span class='ocr_line' id='line_1_31' title="bbox 454 3885 1605 3971; baseline 0.003 -21"><span class='ocrx_word' id='word_1_250' title='bbox 454 3888 565 3951; x_wconf 89' lang='lat' dir='ltr'>iterum</span> <span class='ocrx_word' id='word_1_251' title='bbox 589 3889 680 3951; x_wconf 92' lang='lat' dir='ltr'>deum</span> <span class='ocrx_word' id='word_1_252' title='bbox 704 3887 777 3970; x_wconf 90' lang='lat' dir='ltr'>quid</span> <span class='ocrx_word' id='word_1_253' title='bbox 799 3885 972 3951; x_wconf 88' lang='lat' dir='ltr'>laciendum</span> <span class='ocrx_word' id='word_1_254' title='bbox 995 3887 1035 3951; x_wconf 90' lang='lat' dir='ltr'>sit</span> <span class='ocrx_word' id='word_1_255' title='bbox 1055 3888 1222 3952; x_wconf 89' lang='lat' dir='ltr'>consulere</span> <span class='ocrx_word' id='word_1_256' title='bbox 1243 3885 1351 3971; x_wconf 71' lang='lat' dir='ltr'>vult5).</span> <span class='ocrx_word' id='word_1_257' title='bbox 1393 3885 1505 3968; x_wconf 86' lang='lat' dir='ltr'>Neque</span> <span class='ocrx_word' id='word_1_258' title='bbox 1528 3907 1605 3953; x_wconf 81' lang='lat' dir='ltr'>varo</span> 
     </span>
     <span class='ocr_line' id='line_1_32' title="bbox 453 3991 1606 4074; baseline 0.003 -16"><span class='ocrx_word' id='word_1_259' title='bbox 453 3994 500 4058; x_wconf 90' lang='lat' dir='ltr'>sic</span> <span class='ocrx_word' id='word_1_260' title='bbox 531 3993 741 4058; x_wconf 87' lang='lat' dir='ltr'>Athenienses</span> <span class='ocrx_word' id='word_1_261' title='bbox 772 4011 841 4057; x_wconf 86' lang='lat' dir='ltr'>cum</span> <span class='ocrx_word' id='word_1_262' title='bbox 874 3992 1045 4055; x_wconf 85' lang='lat' dir='ltr'>Alcibiade.</span> <span class='ocrx_word' id='word_1_263' title='bbox 1104 3991 1181 4056; x_wconf 87' lang='lat' dir='ltr'>Nam</span> <span class='ocrx_word' id='word_1_264' title='bbox 1213 3994 1342 4074; x_wconf 92' lang='lat' dir='ltr'>primum</span> <span class='ocrx_word' id='word_1_265' title='bbox 1372 3992 1484 4057; x_wconf 85' lang='lat' dir='ltr'>iustam</span> <span class='ocrx_word' id='word_1_266' title='bbox 1518 4003 1606 4061; x_wconf 88' lang='lat' dir='ltr'>certe</span> 
     </span>
     <span class='ocr_line' id='line_1_33' title="bbox 454 4098 1607 4183; baseline 0 -19"><span class='ocrx_word' id='word_1_267' title='bbox 454 4099 495 4164; x_wconf 91' lang='lat' dir='ltr'>de</span> <span class='ocrx_word' id='word_1_268' title='bbox 529 4101 596 4164; x_wconf 91' lang='lat' dir='ltr'>eius</span> <span class='ocrx_word' id='word_1_269' title='bbox 632 4101 719 4181; x_wconf 91' lang='lat' dir='ltr'>culpa</span> <span class='ocrx_word' id='word_1_270' title='bbox 752 4099 959 4181; x_wconf 89' lang='lat' dir='ltr'>suspicionem</span> <span class='ocrx_word' id='word_1_271' title='bbox 992 4098 1159 4179; x_wconf 85' lang='lat' dir='ltr'>concipere</span> <span class='ocrx_word' id='word_1_272' title='bbox 1193 4117 1257 4163; x_wconf 92' lang='lat' dir='ltr'>non</span> <span class='ocrx_word' id='word_1_273' title='bbox 1290 4106 1454 4183; x_wconf 72' lang='lat' dir='ltr'>poteran13</span> <span class='ocrx_word' id='word_1_274' title='bbox 1490 4098 1607 4165; x_wconf 87' lang='lat' dir='ltr'>deinde</span> 
     </span>
     <span class='ocr_line' id='line_1_34' title="bbox 453 4205 1606 4288; baseline 0.001 -18"><span class='ocrx_word' id='word_1_275' title='bbox 453 4226 523 4271; x_wconf 90' lang='lat' dir='ltr'>cum</span> <span class='ocrx_word' id='word_1_276' title='bbox 546 4208 614 4288; x_wconf 86' lang='lat' dir='ltr'>ipse</span> <span class='ocrx_word' id='word_1_277' title='bbox 640 4224 763 4271; x_wconf 89' lang='lat' dir='ltr'>causam</span> <span class='ocrx_word' id='word_1_278' title='bbox 786 4224 822 4270; x_wconf 89' lang='lat' dir='ltr'>se</span> <span class='ocrx_word' id='word_1_279' title='bbox 844 4211 1012 4287; x_wconf 85' lang='lat' dir='ltr'>praesente</span> <span class='ocrx_word' id='word_1_280' title='bbox 1034 4207 1149 4269; x_wconf 90' lang='lat' dir='ltr'>institui</span> <span class='ocrx_word' id='word_1_281' title='bbox 1171 4205 1265 4270; x_wconf 84' lang='lat' dir='ltr'>vellet</span> <span class='ocrx_word' id='word_1_282' title='bbox 1297 4208 1376 4271; x_wconf 88' lang='lat' dir='ltr'>etsi</span> <span class='ocrx_word' id='word_1_283' title='bbox 1398 4206 1471 4287; x_wconf 90' lang='lat' dir='ltr'>quid</span> <span class='ocrx_word' id='word_1_284' title='bbox 1495 4225 1606 4273; x_wconf 85' lang='lat' dir='ltr'>eorum</span> 
     </span>
    </p>
   </div>
   <div class='ocr_carea' id='block_1_5' title="bbox 523 4524 1221 4877">
    <p class='ocr_par' dir='ltr' id='par_1_7' title="bbox 528 4524 846 4601">
     <span class='ocr_line' id='line_1_35' title="bbox 528 4524 846 4601; baseline 0.006 -22"><span class='ocrx_word' id='word_1_285' title='bbox 528 4527 552 4594; x_wconf 81' lang='lat' dir='ltr'>l)</span> <span class='ocrx_word' id='word_1_286' title='bbox 571 4524 602 4580; x_wconf 82' lang='lat' dir='ltr'>L.</span> <span class='ocrx_word' id='word_1_287' title='bbox 623 4544 648 4581; x_wconf 87' lang='lat' dir='ltr'>c.</span> <span class='ocrx_word' id='word_1_288' title='bbox 667 4544 695 4599; x_wconf 87' lang='lat' dir='ltr'>p.</span> <span class='ocrx_word' id='word_1_289' title='bbox 714 4527 767 4582; x_wconf 79' lang='lat' dir='ltr'>tet</span> <span class='ocrx_word' id='word_1_290' title='bbox 785 4544 846 4601; x_wconf 81' lang='lat' dir='ltr'>sqq.</span> 
     </span>
    </p>

    <p class='ocr_par' dir='ltr' id='par_1_8' title="bbox 523 4616 1075 4694">
     <span class='ocr_line' id='line_1_36' title="bbox 523 4616 1075 4694; baseline -0.004 -20"><span class='ocrx_word' id='word_1_291' title='bbox 523 4619 551 4691; x_wconf 79' lang='lat'>2)</span> <span class='ocrx_word' id='word_1_292' title='bbox 571 4616 615 4674; x_wconf 80' lang='lat' dir='ltr'>Gt.</span> <span class='ocrx_word' id='word_1_293' title='bbox 633 4636 658 4675; x_wconf 92' lang='lat' dir='ltr'>r.</span> <span class='ocrx_word' id='word_1_294' title='bbox 677 4620 731 4674; x_wconf 72' lang='lat'>236</span> <span class='ocrx_word' id='word_1_295' title='bbox 751 4636 809 4694; x_wconf 82' lang='lat' dir='ltr'>sqq.</span> <span class='ocrx_word' id='word_1_296' title='bbox 829 4620 894 4674; x_wconf 89' lang='lat' dir='ltr'>coll.</span> <span class='ocrx_word' id='word_1_297' title='bbox 913 4637 939 4674; x_wconf 78' lang='lat' dir='ltr'>v.</span> <span class='ocrx_word' id='word_1_298' title='bbox 959 4621 994 4675; x_wconf 80' lang='lat' dir='ltr'>ao</span> <span class='ocrx_word' id='word_1_299' title='bbox 1014 4636 1075 4692; x_wconf 83' lang='lat' dir='ltr'>sqq.</span> 
     </span>
    </p>

    <p class='ocr_par' dir='ltr' id='par_1_9' title="bbox 524 4708 1221 4877">
     <span class='ocr_line' id='line_1_37' title="bbox 524 4708 1166 4787; baseline 0 -21"><span class='ocrx_word' id='word_1_300' title='bbox 524 4710 552 4783; x_wconf 83' lang='lat'>3)</span> <span class='ocrx_word' id='word_1_301' title='bbox 571 4708 615 4767; x_wconf 72' lang='lat' dir='ltr'>(ll.</span> <span class='ocrx_word' id='word_1_302' title='bbox 634 4729 659 4764; x_wconf 83' lang='lat' dir='ltr'>r.</span> <span class='ocrx_word' id='word_1_303' title='bbox 680 4712 749 4767; x_wconf 74' lang='lat' dir='ltr'>tlte</span> <span class='ocrx_word' id='word_1_304' title='bbox 767 4731 823 4787; x_wconf 74' lang='lat' dir='ltr'>eq:</span> <span class='ocrx_word' id='word_1_305' title='bbox 860 4711 935 4786; x_wconf 78' lang='grc' dir='ltr'>ὅμως</span> <span class='ocrx_word' id='word_1_306' title='bbox 952 4711 986 4766; x_wconf 79' lang='lat' dir='ltr'>d’</span> <span class='ocrx_word' id='word_1_307' title='bbox 1000 4709 1037 4767; x_wconf 69' lang='grc' dir='ltr'>ἵν’</span> <span class='ocrx_word' id='word_1_308' title='bbox 1054 4711 1166 4786; x_wconf 65' lang='grc' dir='ltr'><em>ἕωμεν</em></span> 
     </span>
     <span class='ocr_line' id='line_1_38' title="bbox 626 4805 1221 4877; baseline 0 -19"><span class='ocrx_word' id='word_1_309' title='bbox 626 4807 736 4876; x_wconf 75' lang='grc' dir='ltr'>χρείας,</span> <span class='ocrx_word' id='word_1_310' title='bbox 764 4805 878 4877; x_wconf 71' lang='grc' dir='ltr'>ἄμεινον</span> <span class='ocrx_word' id='word_1_311' title='bbox 895 4806 1027 4876; x_wconf 70' lang='grc' dir='ltr'>ἐκμαθεῖν</span> <span class='ocrx_word' id='word_1_312' title='bbox 1045 4808 1069 4857; x_wconf 79' lang='lat' dir='ltr'>u&#39;</span> <span class='ocrx_word' id='word_1_313' title='bbox 1087 4805 1221 4876; x_wconf 72' lang='grc' dir='ltr'><em>δραστέον.</em></span> 
     </span>
    </p>
   </div>
   <div class='ocr_carea' id='block_1_6' title="bbox 0 0 2076 5675">
    <p class='ocr_par' dir='ltr' id='par_1_10' title="bbox 0 0 2076 5675">
     <span class='ocr_line' id='line_1_39' title="bbox 0 0 2076 5675; baseline 0 2"><span class='ocrx_word' id='word_1_314' title='bbox 0 0 2076 5675; x_wconf 95' lang='lat' dir='ltr'> </span> 
     </span>
    </p>
   </div>
  </div>
 </body>
</html>
