<?xml version="1.0" encoding="UTF-8"?>
<!DOCTYPE html PUBLIC "-//W3C//DTD XHTML 1.0 Transitional//EN"
    "http://www.w3.org/TR/xhtml1/DTD/xhtml1-transitional.dtd">
<html xmlns="http://www.w3.org/1999/xhtml" xml:lang="en" lang="en">
 <head>
  <title>
</title>
<meta http-equiv="Content-Type" content="text/html;charset=utf-8" />
  <meta name='ocr-system' content='tesseract 3.04.00' />
  <meta name='ocr-capabilities' content='ocr_page ocr_carea ocr_par ocr_line ocrx_word'/>
</head>
<body>
  <div class='ocr_page' id='page_1' title='image "./oedipusrexquote00liongoog_0033.png"; bbox 0 0 4142 5675; ppageno 0'>
   <div class='ocr_carea' id='block_1_1' title="bbox 405 897 415 982">
    <p class='ocr_par' dir='ltr' id='par_1_1' title="bbox 405 897 415 982">
     <span class='ocr_line' id='line_1_1' title="bbox 405 897 415 982; baseline 0 0"><span class='ocrx_word' id='word_1_1' title='bbox 405 897 415 982; x_wconf 74' lang='lat' dir='ltr'><strong>i</strong></span> 
     </span>
    </p>
   </div>
   <div class='ocr_carea' id='block_1_2' title="bbox 937 643 1153 708">
    <p class='ocr_par' dir='ltr' id='par_1_2' title="bbox 937 643 1153 708">
     <span class='ocr_line' id='line_1_2' title="bbox 937 643 1153 708; baseline 0.009 -17"><span class='ocrx_word' id='word_1_2' title='bbox 937 643 1153 708; x_wconf 68' lang='lat'><strong>..29-</strong></span> 
     </span>
    </p>
   </div>
   <div class='ocr_carea' id='block_1_3' title="bbox 459 799 1615 1004">
    <p class='ocr_par' dir='ltr' id='par_1_3' title="bbox 459 799 1615 1004">
     <span class='ocr_line' id='line_1_3' title="bbox 459 799 1615 901; baseline 0.006 -26"><span class='ocrx_word' id='word_1_3' title='bbox 459 799 606 876; x_wconf 82' lang='lat' dir='ltr'><strong>trimetris</strong></span> <span class='ocrx_word' id='word_1_4' title='bbox 629 814 769 877; x_wconf 77' lang='lat' dir='ltr'><strong>iambicis</strong></span> <span class='ocrx_word' id='word_1_5' title='bbox 791 814 895 895; x_wconf 83' lang='lat' dir='ltr'><strong>pluras</strong></span> <span class='ocrx_word' id='word_1_6' title='bbox 917 814 1089 879; x_wconf 80' lang='lat' dir='ltr'><strong>solutiones</strong></span> <span class='ocrx_word' id='word_1_7' title='bbox 1112 814 1284 878; x_wconf 74' lang='lat' dir='ltr'><strong>admisisse.</strong></span> <span class='ocrx_word' id='word_1_8' title='bbox 1336 817 1438 898; x_wconf 82' lang='lat' dir='ltr'><strong>Atque</strong></span> <span class='ocrx_word' id='word_1_9' title='bbox 1460 818 1520 882; x_wconf 84' lang='lat' dir='ltr'><strong>lroc</strong></span> <span class='ocrx_word' id='word_1_10' title='bbox 1543 819 1615 901; x_wconf 81' lang='lat' dir='ltr'><strong>qui·</strong></span> 
     </span>
     <span class='ocr_line' id='line_1_4' title="bbox 461 917 1613 1004; baseline 0.008 -25"><span class='ocrx_word' id='word_1_11' title='bbox 461 917 531 981; x_wconf 89' lang='lat' dir='ltr'><strong>dem</strong></span> <span class='ocrx_word' id='word_1_12' title='bbox 555 926 642 982; x_wconf 88' lang='lat' dir='ltr'><strong>reete</strong></span> <span class='ocrx_word' id='word_1_13' title='bbox 664 919 787 1003; x_wconf 90' lang='lat' dir='ltr'><strong>dictum,</strong></span> <span class='ocrx_word' id='word_1_14' title='bbox 806 928 940 985; x_wconf 78' lang='lat' dir='ltr'><strong>attamen</strong></span> <span class='ocrx_word' id='word_1_15' title='bbox 957 920 1024 985; x_wconf 84' lang='lat' dir='ltr'><strong>¹lroc</strong></span> <span class='ocrx_word' id='word_1_16' title='bbox 1046 938 1109 983; x_wconf 92' lang='lat' dir='ltr'><strong>non</strong></span> <span class='ocrx_word' id='word_1_17' title='bbox 1133 920 1236 986; x_wconf 89' lang='lat' dir='ltr'><strong>subito</strong></span> <span class='ocrx_word' id='word_1_18' title='bbox 1259 922 1413 1004; x_wconf 87' lang='lat' dir='ltr'><strong>uniusque</strong></span> <span class='ocrx_word' id='word_1_19' title='bbox 1435 929 1507 988; x_wconf 89' lang='lat' dir='ltr'><strong>anni</strong></span> <span class='ocrx_word' id='word_1_20' title='bbox 1529 934 1613 988; x_wconf 92' lang='lat' dir='ltr'><strong>tem-</strong></span> 
     </span>
    </p>
   </div>
   <div class='ocr_carea' id='block_1_4' title="bbox 405 1027 1612 1109">
    <p class='ocr_par' dir='ltr' id='par_1_4' title="bbox 405 1027 1612 1109">
     <span class='ocr_line' id='line_1_5' title="bbox 405 1027 1612 1109; baseline 0.01 -25"><span class='ocrx_word' id='word_1_21' title='bbox 405 1051 410 1084; x_wconf 89' lang='lat'>:</span> <span class='ocrx_word' id='word_1_22' title='bbox 459 1043 539 1108; x_wconf 88' lang='lat' dir='ltr'><strong>pore</strong></span> <span class='ocrx_word' id='word_1_23' title='bbox 572 1027 628 1089; x_wconf 90' lang='lat' dir='ltr'><strong>sed</strong></span> <span class='ocrx_word' id='word_1_24' title='bbox 661 1027 817 1107; x_wconf 91' lang='lat' dir='ltr'><strong>paullatim</strong></span> <span class='ocrx_word' id='word_1_25' title='bbox 844 1036 1082 1109; x_wconf 80' lang='lat' dir='ltr'><strong>temporumque</strong></span> <span class='ocrx_word' id='word_1_26' title='bbox 1121 1028 1255 1092; x_wconf 87' lang='lat' dir='ltr'><strong>decursu</strong></span> <span class='ocrx_word' id='word_1_27' title='bbox 1285 1028 1398 1093; x_wconf 86' lang='lat' dir='ltr'><strong>laetum</strong></span> <span class='ocrx_word' id='word_1_28' title='bbox 1429 1048 1500 1096; x_wconf 90' lang='lat' dir='ltr'><strong>esse</strong></span> <span class='ocrx_word' id='word_1_29' title='bbox 1533 1051 1612 1097; x_wconf 90' lang='lat' dir='ltr'><strong>unus</strong></span> 
     </span>
    </p>
   </div>
   <div class='ocr_carea' id='block_1_5' title="bbox 405 1127 1614 1325">
    <p class='ocr_par' dir='ltr' id='par_1_5' title="bbox 405 1127 1614 1325">
     <span class='ocr_line' id='line_1_6' title="bbox 405 1127 1614 1218; baseline 0.008 -24"><span class='ocrx_word' id='word_1_30' title='bbox 405 1127 408 1194; x_wconf 80' lang='lat'><em>1</em></span> <span class='ocrx_word' id='word_1_31' title='bbox 458 1134 593 1215; x_wconf 89' lang='lat' dir='ltr'><strong>quisque</strong></span> <span class='ocrx_word' id='word_1_32' title='bbox 616 1135 774 1218; x_wconf 71' lang='lat' dir='ltr'><strong>intellegit.</strong></span> <span class='ocrx_word' id='word_1_33' title='bbox 826 1136 1036 1204; x_wconf 81' lang='lat' dir='ltr'><strong>Solutioniltus</strong></span> <span class='ocrx_word' id='word_1_34' title='bbox 1059 1145 1161 1205; x_wconf 92' lang='lat' dir='ltr'><strong>autem</strong></span> <span class='ocrx_word' id='word_1_35' title='bbox 1184 1136 1243 1202; x_wconf 90' lang='lat' dir='ltr'><strong>iltis</strong></span> <span class='ocrx_word' id='word_1_36' title='bbox 1265 1144 1410 1202; x_wconf 89' lang='lat' dir='ltr'><strong>accurate</strong></span> <span class='ocrx_word' id='word_1_37' title='bbox 1432 1142 1614 1205; x_wconf 89' lang='lat' dir='ltr'><strong>examinatis</strong></span> 
     </span>
     <span class='ocr_line' id='line_1_7' title="bbox 405 1237 1613 1325; baseline 0.002 -19"><span class='ocrx_word' id='word_1_38' title='bbox 405 1237 413 1306; x_wconf 74' lang='grc' dir='ltr'><strong>ἰ</strong></span> <span class='ocrx_word' id='word_1_39' title='bbox 457 1241 648 1323; x_wconf 85' lang='lat' dir='ltr'><strong>Antigonam</strong></span> <span class='ocrx_word' id='word_1_40' title='bbox 672 1242 873 1325; x_wconf 84' lang='lat' dir='ltr'><strong>quadraginta</strong></span> <span class='ocrx_word' id='word_1_41' title='bbox 895 1249 1011 1307; x_wconf 86' lang='lat' dir='ltr'><strong>tantum</strong></span> <span class='ocrx_word' id='word_1_42' title='bbox 1034 1242 1207 1311; x_wconf 87' lang='lat' dir='ltr'><strong>solutiones</strong></span> <span class='ocrx_word' id='word_1_43' title='bbox 1229 1262 1270 1306; x_wconf 86' lang='lat' dir='ltr'><strong>ex</strong></span> <span class='ocrx_word' id='word_1_44' title='bbox 1290 1248 1505 1309; x_wconf 82' lang='lat' dir='ltr'><strong>numeratione</strong></span> <span class='ocrx_word' id='word_1_45' title='bbox 1528 1246 1562 1309; x_wconf 88' lang='lat' dir='ltr'><strong>C.</strong></span> <span class='ocrx_word' id='word_1_46' title='bbox 1580 1247 1613 1309; x_wconf 85' lang='lat' dir='ltr'><strong>F.</strong></span> 
     </span>
    </p>
   </div>
   <div class='ocr_carea' id='block_1_6' title="bbox 454 1346 1613 2608">
    <p class='ocr_par' dir='ltr' id='par_1_6' title="bbox 456 1346 1613 2056">
     <span class='ocr_line' id='line_1_8' title="bbox 458 1346 1613 1437; baseline 0.006 -28"><span class='ocrx_word' id='word_1_47' title='bbox 458 1348 628 1412; x_wconf 89' lang='lat' dir='ltr'><strong>llermauni</strong></span> <span class='ocrx_word' id='word_1_48' title='bbox 642 1346 663 1431; x_wconf 81' lang='grc' dir='ltr'><strong>ιΙ</strong></span> <span class='ocrx_word' id='word_1_49' title='bbox 684 1348 835 1430; x_wconf 87' lang='lat' dir='ltr'><strong>Oedipum</strong></span> <span class='ocrx_word' id='word_1_50' title='bbox 855 1349 1025 1412; x_wconf 88' lang='lat' dir='ltr'><strong>Ooloneum</strong></span> <span class='ocrx_word' id='word_1_51' title='bbox 1049 1347 1305 1432; x_wconf 82' lang='lat' dir='ltr'><strong>undesexaginta,</strong></span> <span class='ocrx_word' id='word_1_52' title='bbox 1328 1349 1479 1433; x_wconf 84' lang='lat' dir='ltr'><strong>Oedipum</strong></span> <span class='ocrx_word' id='word_1_53' title='bbox 1495 1354 1613 1437; x_wconf 83' lang='lat' dir='ltr'><strong>Regem</strong></span> 
     </span>
     <span class='ocr_line' id='line_1_9' title="bbox 458 1455 1612 1542; baseline 0.007 -25"><span class='ocrx_word' id='word_1_54' title='bbox 458 1455 623 1536; x_wconf 83' lang='lat' dir='ltr'><strong>sexaginta</strong></span> <span class='ocrx_word' id='word_1_55' title='bbox 648 1455 784 1536; x_wconf 93' lang='lat' dir='ltr'><strong>quinque</strong></span> <span class='ocrx_word' id='word_1_56' title='bbox 807 1474 848 1518; x_wconf 86' lang='lat' dir='ltr'><strong>ex</strong></span> <span class='ocrx_word' id='word_1_57' title='bbox 869 1473 921 1538; x_wconf 89' lang='lat' dir='ltr'><strong>ea,</strong></span> <span class='ocrx_word' id='word_1_58' title='bbox 944 1474 1036 1537; x_wconf 88' lang='lat' dir='ltr'><strong>quam</strong></span> <span class='ocrx_word' id='word_1_59' title='bbox 1059 1456 1125 1536; x_wconf 91' lang='lat' dir='ltr'><strong>ipse</strong></span> <span class='ocrx_word' id='word_1_60' title='bbox 1147 1456 1280 1538; x_wconf 91' lang='lat' dir='ltr'><strong>institui,</strong></span> <span class='ocrx_word' id='word_1_61' title='bbox 1303 1460 1531 1542; x_wconf 85' lang='lat' dir='ltr'><strong>numeratione,</strong></span> <span class='ocrx_word' id='word_1_62' title='bbox 1554 1479 1612 1525; x_wconf 92' lang='lat' dir='ltr'><strong>so-</strong></span> 
     </span>
     <span class='ocr_line' id='line_1_10' title="bbox 456 1560 1611 1646; baseline 0.01 -24"><span class='ocrx_word' id='word_1_63' title='bbox 456 1560 628 1625; x_wconf 85' lang='lat' dir='ltr'><strong>lutionibus</strong></span> <span class='ocrx_word' id='word_1_64' title='bbox 650 1562 682 1624; x_wconf 92' lang='lat' dir='ltr'><strong>in</strong></span> <span class='ocrx_word' id='word_1_65' title='bbox 706 1563 878 1626; x_wconf 87' lang='lat' dir='ltr'><strong>nominibus</strong></span> <span class='ocrx_word' id='word_1_66' title='bbox 900 1564 1032 1645; x_wconf 88' lang='lat' dir='ltr'><strong>propriis</strong></span> <span class='ocrx_word' id='word_1_67' title='bbox 1054 1564 1311 1646; x_wconf 80' lang='lat' dir='ltr'><strong>connumeratis,</strong></span> <span class='ocrx_word' id='word_1_68' title='bbox 1333 1563 1450 1628; x_wconf 81' lang='lat' dir='ltr'><strong>haltere</strong></span> <span class='ocrx_word' id='word_1_69' title='bbox 1462 1568 1611 1634; x_wconf 90' lang='lat' dir='ltr'><strong>videmus.</strong></span> 
     </span>
     <span class='ocr_line' id='line_1_11' title="bbox 456 1666 1611 1757; baseline 0.006 -26"><span class='ocrx_word' id='word_1_70' title='bbox 456 1668 494 1731; x_wconf 96' lang='lat' dir='ltr'><strong>ln</strong></span> <span class='ocrx_word' id='word_1_71' title='bbox 517 1666 565 1730; x_wconf 85' lang='lat' dir='ltr'><strong>lis</strong></span> <span class='ocrx_word' id='word_1_72' title='bbox 579 1668 705 1732; x_wconf 84' lang='lat' dir='ltr'><strong>duabus</strong></span> <span class='ocrx_word' id='word_1_73' title='bbox 727 1668 837 1733; x_wconf 85' lang='lat' dir='ltr'><strong>sabulis</strong></span> <span class='ocrx_word' id='word_1_74' title='bbox 862 1670 1034 1733; x_wconf 88' lang='lat' dir='ltr'><strong>solutiones</strong></span> <span class='ocrx_word' id='word_1_75' title='bbox 1057 1668 1181 1751; x_wconf 89' lang='lat' dir='ltr'><strong>quidem</strong></span> <span class='ocrx_word' id='word_1_76' title='bbox 1204 1688 1246 1732; x_wconf 87' lang='lat' dir='ltr'><strong>ex</strong></span> <span class='ocrx_word' id='word_1_77' title='bbox 1272 1670 1396 1752; x_wconf 87' lang='lat' dir='ltr'><strong>legibus</strong></span> <span class='ocrx_word' id='word_1_78' title='bbox 1418 1690 1494 1753; x_wconf 91' lang='lat' dir='ltr'><strong>quas</strong></span> <span class='ocrx_word' id='word_1_79' title='bbox 1517 1675 1611 1757; x_wconf 90' lang='lat' dir='ltr'><strong>vulgo</strong></span> 
     </span>
     <span class='ocr_line' id='line_1_12' title="bbox 458 1773 1612 1862; baseline 0.007 -27"><span class='ocrx_word' id='word_1_80' title='bbox 458 1773 502 1835; x_wconf 88' lang='lat' dir='ltr'><strong>da</strong></span> <span class='ocrx_word' id='word_1_81' title='bbox 526 1775 571 1838; x_wconf 87' lang='lat' dir='ltr'><strong>ais</strong></span> <span class='ocrx_word' id='word_1_82' title='bbox 593 1781 746 1859; x_wconf 89' lang='lat' dir='ltr'><strong>statuunt,</strong></span> <span class='ocrx_word' id='word_1_83' title='bbox 771 1794 878 1839; x_wconf 91' lang='lat' dir='ltr'><strong>omnes</strong></span> <span class='ocrx_word' id='word_1_84' title='bbox 900 1776 1071 1856; x_wconf 86' lang='lat' dir='ltr'><strong>permissae</strong></span> <span class='ocrx_word' id='word_1_85' title='bbox 1094 1793 1269 1857; x_wconf 91' lang='lat' dir='ltr'><strong>quanquam</strong></span> <span class='ocrx_word' id='word_1_86' title='bbox 1291 1777 1538 1862; x_wconf 76' lang='lat' dir='ltr'><strong>frequentiores,</strong></span> <span class='ocrx_word' id='word_1_87' title='bbox 1559 1783 1612 1843; x_wconf 92' lang='lat' dir='ltr'><strong>in-</strong></span> 
     </span>
     <span class='ocr_line' id='line_1_13' title="bbox 457 1881 1611 1969; baseline 0.007 -26"><span class='ocrx_word' id='word_1_88' title='bbox 457 1881 653 1946; x_wconf 83' lang='lat' dir='ltr'><strong>solentiores</strong></span> <span class='ocrx_word' id='word_1_89' title='bbox 675 1890 778 1946; x_wconf 93' lang='lat' dir='ltr'><strong>tamen</strong></span> <span class='ocrx_word' id='word_1_90' title='bbox 801 1882 967 1946; x_wconf 90' lang='lat' dir='ltr'><strong>nonnullae</strong></span> <span class='ocrx_word' id='word_1_91' title='bbox 989 1882 1187 1947; x_wconf 89' lang='lat' dir='ltr'><strong>inveniuntur</strong></span> <span class='ocrx_word' id='word_1_92' title='bbox 1208 1884 1240 1946; x_wconf 89' lang='lat' dir='ltr'><strong>in</strong></span> <span class='ocrx_word' id='word_1_93' title='bbox 1256 1883 1376 1965; x_wconf 90' lang='lat' dir='ltr'><strong>Oedipo</strong></span> <span class='ocrx_word' id='word_1_94' title='bbox 1390 1885 1487 1968; x_wconf 86' lang='lat' dir='ltr'><strong>Rege,</strong></span> <span class='ocrx_word' id='word_1_95' title='bbox 1511 1906 1611 1969; x_wconf 91' lang='lat' dir='ltr'><strong>quor-</strong></span> 
     </span>
     <span class='ocr_line' id='line_1_14' title="bbox 456 1989 1022 2056; baseline 0.005 -3"><span class='ocrx_word' id='word_1_96' title='bbox 456 2006 529 2053; x_wconf 88' lang='lat' dir='ltr'><strong>sum</strong></span> <span class='ocrx_word' id='word_1_97' title='bbox 552 1989 727 2054; x_wconf 79' lang='lat' dir='ltr'><strong>referimus:</strong></span> <span class='ocrx_word' id='word_1_98' title='bbox 1016 2050 1022 2056; x_wconf 91' lang='lat'><strong>.</strong></span> 
     </span>
    </p>

    <p class='ocr_par' dir='ltr' id='par_1_7' title="bbox 457 2092 1393 2181">
     <span class='ocr_line' id='line_1_15' title="bbox 457 2092 1393 2181; baseline -0.001 -23"><span class='ocrx_word' id='word_1_99' title='bbox 457 2116 491 2159; x_wconf 91' lang='lat' dir='ltr'><strong>v.</strong></span> <span class='ocrx_word' id='word_1_100' title='bbox 515 2095 595 2161; x_wconf 83' lang='lat'><strong>719:</strong></span> <span class='ocrx_word' id='word_1_101' title='bbox 639 2095 774 2181; x_wconf 80' lang='grc' dir='ltr'><strong><em>ἔρριψεν</em></strong></span> <span class='ocrx_word' id='word_1_102' title='bbox 796 2093 907 2159; x_wconf 84' lang='grc' dir='ltr'><strong><em>ἄλλων</em></strong></span> <span class='ocrx_word' id='word_1_103' title='bbox 927 2095 1033 2180; x_wconf 71' lang='grc' dir='ltr'><strong><em>χερσὶν</em></strong></span> <span class='ocrx_word' id='word_1_104' title='bbox 1054 2092 1099 2168; x_wconf 75' lang='lat' dir='ltr'><strong>sig</strong></span> <span class='ocrx_word' id='word_1_105' title='bbox 1117 2094 1123 2177; x_wconf 95' lang='grc' dir='ltr'>Ι</span> <span class='ocrx_word' id='word_1_106' title='bbox 1142 2093 1265 2174; x_wconf 75' lang='grc' dir='ltr'><strong><em>ἄβατον</em></strong></span> <span class='ocrx_word' id='word_1_107' title='bbox 1283 2096 1290 2175; x_wconf 91' lang='grc' dir='ltr'>Ι</span> <span class='ocrx_word' id='word_1_108' title='bbox 1309 2093 1393 2179; x_wconf 84' lang='grc' dir='ltr'><strong><em>ὄρος.</em></strong></span> 
     </span>
    </p>

    <p class='ocr_par' dir='ltr' id='par_1_8' title="bbox 454 2198 1610 2394">
     <span class='ocr_line' id='line_1_16' title="bbox 454 2198 1610 2286; baseline 0 -20"><span class='ocrx_word' id='word_1_109' title='bbox 454 2224 489 2269; x_wconf 89' lang='lat' dir='ltr'><strong>v.</strong></span> <span class='ocrx_word' id='word_1_110' title='bbox 512 2203 591 2267; x_wconf 79' lang='lat'>967:</span> <span class='ocrx_word' id='word_1_111' title='bbox 614 2212 740 2266; x_wconf 80' lang='grc' dir='ltr'><strong><em>κυανετν</em></strong></span> <span class='ocrx_word' id='word_1_112' title='bbox 761 2200 837 2285; x_wconf 78' lang='grc' dir='ltr'><strong><em>ἔμελ</em></strong></span> <span class='ocrx_word' id='word_1_113' title='bbox 855 2204 864 2284; x_wconf 92' lang='grc' dir='ltr'>Ι</span> <span class='ocrx_word' id='word_1_114' title='bbox 881 2201 940 2265; x_wconf 90' lang='grc' dir='ltr'><strong><em>λον</em></strong></span> <span class='ocrx_word' id='word_1_115' title='bbox 961 2201 1044 2265; x_wconf 68' lang='lat' dir='ltr'><strong>naas</strong></span> <span class='ocrx_word' id='word_1_116' title='bbox 1063 2202 1070 2286; x_wconf 95' lang='grc' dir='ltr'>Ι</span> <span class='ocrx_word' id='word_1_117' title='bbox 1087 2221 1128 2285; x_wconf 83' lang='lat' dir='ltr'><strong>pa</strong></span> <span class='ocrx_word' id='word_1_118' title='bbox 1141 2198 1223 2265; x_wconf 75' lang='grc' dir='ltr'><strong><em>τὸνλ</em></strong></span> <span class='ocrx_word' id='word_1_119' title='bbox 1242 2202 1248 2285; x_wconf 95' lang='grc' dir='ltr'>Ι</span> <span class='ocrx_word' id='word_1_120' title='bbox 1265 2200 1346 2283; x_wconf 75' lang='lat' dir='ltr'><strong>pov,-</strong></span> <span class='ocrx_word' id='word_1_121' title='bbox 1368 2198 1389 2264; x_wconf 87' lang='lat' dir='ltr'><strong>c‘</strong></span> <span class='ocrx_word' id='word_1_122' title='bbox 1412 2200 1449 2265; x_wconf 81' lang='grc' dir='ltr'><strong>δὲ</strong></span> <span class='ocrx_word' id='word_1_123' title='bbox 1468 2206 1473 2283; x_wconf 98' lang='grc' dir='ltr'>Ι</span> <span class='ocrx_word' id='word_1_124' title='bbox 1493 2203 1610 2266; x_wconf 76' lang='grc' dir='ltr'><strong><em>θανών</em></strong></span> 
     </span>
     <span class='ocr_line' id='line_1_17' title="bbox 457 2308 1406 2394; baseline -0.003 -20"><span class='ocrx_word' id='word_1_125' title='bbox 457 2309 594 2375; x_wconf 83' lang='grc' dir='ltr'><strong>ν.1496;</strong></span> <span class='ocrx_word' id='word_1_126' title='bbox 616 2312 646 2372; x_wconf 81' lang='grc' dir='ltr'><strong><em>ολ</em></strong></span> <span class='ocrx_word' id='word_1_127' title='bbox 666 2310 729 2394; x_wconf 75' lang='grc' dir='ltr'><strong>γὰρ</strong></span> <span class='ocrx_word' id='word_1_128' title='bbox 751 2311 860 2373; x_wconf 70' lang='grc' dir='ltr'><strong><em>κακοῖν</em></strong></span> <span class='ocrx_word' id='word_1_129' title='bbox 882 2308 1015 2387; x_wconf 66' lang='lat' dir='ltr'><strong>ducum,</strong></span> <span class='ocrx_word' id='word_1_130' title='bbox 1036 2310 1092 2371; x_wconf 76' lang='grc' dir='ltr'><strong><em>νον</em></strong></span> <span class='ocrx_word' id='word_1_131' title='bbox 1110 2311 1116 2390; x_wconf 97' lang='grc' dir='ltr'>Ι</span> <span class='ocrx_word' id='word_1_132' title='bbox 1134 2309 1259 2393; x_wconf 77' lang='grc' dir='ltr'><strong><em>πατέρα</em></strong></span> <span class='ocrx_word' id='word_1_133' title='bbox 1278 2315 1284 2390; x_wconf 97' lang='grc' dir='ltr'>Ι</span> <span class='ocrx_word' id='word_1_134' title='bbox 1302 2308 1406 2394; x_wconf 71' lang='grc' dir='ltr'><strong><em>πατήρ</em></strong></span> 
     </span>
    </p>

    <p class='ocr_par' dir='ltr' id='par_1_9' title="bbox 456 2415 1609 2608">
     <span class='ocr_line' id='line_1_18' title="bbox 457 2415 1609 2503; baseline -0.002 -20"><span class='ocrx_word' id='word_1_135' title='bbox 457 2438 550 2503; x_wconf 92' lang='lat' dir='ltr'><strong>quam</strong></span> <span class='ocrx_word' id='word_1_136' title='bbox 574 2419 614 2482; x_wconf 92' lang='lat' dir='ltr'><strong>ob</strong></span> <span class='ocrx_word' id='word_1_137' title='bbox 637 2438 761 2483; x_wconf 92' lang='lat' dir='ltr'><strong>causam</strong></span> <span class='ocrx_word' id='word_1_138' title='bbox 784 2418 865 2482; x_wconf 89' lang='lat' dir='ltr'><strong>hane</strong></span> <span class='ocrx_word' id='word_1_139' title='bbox 886 2418 1047 2481; x_wconf 87' lang='lat' dir='ltr'><strong>transitum</strong></span> <span class='ocrx_word' id='word_1_140' title='bbox 1069 2415 1296 2499; x_wconf 86' lang='lat' dir='ltr'><strong>quodammodo</strong></span> <span class='ocrx_word' id='word_1_141' title='bbox 1319 2416 1358 2481; x_wconf 92' lang='lat' dir='ltr'><strong>ad</strong></span> <span class='ocrx_word' id='word_1_142' title='bbox 1380 2417 1529 2481; x_wconf 89' lang='lat' dir='ltr'><strong>maiorem</strong></span> <span class='ocrx_word' id='word_1_143' title='bbox 1551 2436 1609 2481; x_wconf 89' lang='lat' dir='ltr'><strong>ce-</strong></span> 
     </span>
     <span class='ocr_line' id='line_1_19' title="bbox 456 2522 1417 2608; baseline -0.006 -17"><span class='ocrx_word' id='word_1_144' title='bbox 456 2536 596 2591; x_wconf 89' lang='lat' dir='ltr'><strong>terarum</strong></span> <span class='ocrx_word' id='word_1_145' title='bbox 619 2526 789 2590; x_wconf 86' lang='lat' dir='ltr'><strong>laltularum</strong></span> <span class='ocrx_word' id='word_1_146' title='bbox 813 2525 1044 2608; x_wconf 79' lang='lat' dir='ltr'><strong>neglegentiam</strong></span> <span class='ocrx_word' id='word_1_147' title='bbox 1067 2522 1175 2587; x_wconf 88' lang='lat' dir='ltr'><strong>lacere</strong></span> <span class='ocrx_word' id='word_1_148' title='bbox 1198 2522 1417 2588; x_wconf 83' lang='lat' dir='ltr'><strong>existimamus.</strong></span> 
     </span>
    </p>
   </div>
   <div class='ocr_carea' id='block_1_7' title="bbox 864 2669 1143 2796">
    <p class='ocr_par' dir='ltr' id='par_1_10' title="bbox 864 2669 1143 2796">
     <span class='ocr_line' id='line_1_20' title="bbox 864 2669 1143 2796; baseline 0 -39"><span class='ocrx_word' id='word_1_149' title='bbox 864 2669 867 2677; x_wconf 39' lang='lat'><strong><em>¹</em></strong></span> <span class='ocrx_word' id='word_1_150' title='bbox 962 2696 1049 2777; x_wconf 85' lang='lat' dir='ltr'><strong>Oaput</strong></span> <span class='ocrx_word' id='word_1_151' title='bbox 1069 2698 1104 2758; x_wconf 91' lang='lat' dir='ltr'><strong>ll.</strong></span> <span class='ocrx_word' id='word_1_152' title='bbox 1136 2782 1143 2796; x_wconf 79' lang='lat'><strong>.</strong></span> 
     </span>
    </p>
   </div>
   <div class='ocr_carea' id='block_1_8' title="bbox 936 2837 1129 2888">
    <p class='ocr_par' dir='ltr' id='par_1_11' title="bbox 936 2837 1129 2888">
     <span class='ocr_line' id='line_1_21' title="bbox 936 2837 1129 2888; baseline 0.005 -1"><span class='ocrx_word' id='word_1_153' title='bbox 936 2839 1065 2888; x_wconf 77' lang='lat' dir='ltr'><strong>Particula</strong></span> <span class='ocrx_word' id='word_1_154' title='bbox 1081 2837 1129 2888; x_wconf 84' lang='lat' dir='ltr'><strong>IV.</strong></span> 
     </span>
    </p>
   </div>
   <div class='ocr_carea' id='block_1_9' title="bbox 455 2956 1608 4544">
    <p class='ocr_par' dir='ltr' id='par_1_12' title="bbox 455 2956 1608 4544">
     <span class='ocr_line' id='line_1_22' title="bbox 545 2956 1608 3039; baseline 0.002 -18"><span class='ocrx_word' id='word_1_155' title='bbox 545 2956 698 3038; x_wconf 88' lang='lat' dir='ltr'><strong>Oedipum</strong></span> <span class='ocrx_word' id='word_1_156' title='bbox 730 2964 831 3021; x_wconf 89' lang='lat' dir='ltr'><strong>autem</strong></span> <span class='ocrx_word' id='word_1_157' title='bbox 856 2958 1024 3023; x_wconf 88' lang='lat' dir='ltr'><strong>Ooloneum</strong></span> <span class='ocrx_word' id='word_1_158' title='bbox 1052 2965 1124 3022; x_wconf 91' lang='lat' dir='ltr'><strong>ante</strong></span> <span class='ocrx_word' id='word_1_159' title='bbox 1146 2977 1214 3021; x_wconf 92' lang='lat' dir='ltr'><strong>eam</strong></span> <span class='ocrx_word' id='word_1_160' title='bbox 1237 2957 1381 3039; x_wconf 86' lang='lat' dir='ltr'><strong>scriptam</strong></span> <span class='ocrx_word' id='word_1_161' title='bbox 1404 2976 1475 3023; x_wconf 86' lang='lat' dir='ltr'><strong>esse</strong></span> <span class='ocrx_word' id='word_1_162' title='bbox 1496 2962 1608 3023; x_wconf 86' lang='lat' dir='ltr'><strong>statui-</strong></span> 
     </span>
     <span class='ocr_line' id='line_1_23' title="bbox 458 3063 1607 3149; baseline 0.002 -22"><span class='ocrx_word' id='word_1_163' title='bbox 458 3084 537 3128; x_wconf 88' lang='lat' dir='ltr'><strong>mus.</strong></span> <span class='ocrx_word' id='word_1_164' title='bbox 582 3065 643 3130; x_wconf 86' lang='lat' dir='ltr'><strong>Sed</strong></span> <span class='ocrx_word' id='word_1_165' title='bbox 667 3083 736 3127; x_wconf 90' lang='lat' dir='ltr'><strong>cum</strong></span> <span class='ocrx_word' id='word_1_166' title='bbox 755 3085 803 3128; x_wconf 88' lang='lat' dir='ltr'><strong>vv.</strong></span> <span class='ocrx_word' id='word_1_167' title='bbox 819 3065 869 3128; x_wconf 92' lang='lat' dir='ltr'><strong>dd.</strong></span> <span class='ocrx_word' id='word_1_168' title='bbox 892 3065 932 3128; x_wconf 92' lang='lat' dir='ltr'><strong>de</strong></span> <span class='ocrx_word' id='word_1_169' title='bbox 957 3083 994 3128; x_wconf 85' lang='lat' dir='ltr'><strong>ea</strong></span> <span class='ocrx_word' id='word_1_170' title='bbox 1016 3085 1052 3129; x_wconf 89' lang='lat' dir='ltr'><strong>re</strong></span> <span class='ocrx_word' id='word_1_171' title='bbox 1066 3066 1154 3130; x_wconf 86' lang='lat' dir='ltr'><strong>valde</strong></span> <span class='ocrx_word' id='word_1_172' title='bbox 1176 3067 1257 3129; x_wconf 89' lang='lat' dir='ltr'><strong>inter</strong></span> <span class='ocrx_word' id='word_1_173' title='bbox 1278 3082 1314 3129; x_wconf 90' lang='lat' dir='ltr'><strong>se</strong></span> <span class='ocrx_word' id='word_1_174' title='bbox 1336 3063 1528 3149; x_wconf 85' lang='lat' dir='ltr'><strong>dissentiant,</strong></span> <span class='ocrx_word' id='word_1_175' title='bbox 1550 3086 1607 3129; x_wconf 90' lang='lat' dir='ltr'><strong>ac-</strong></span> 
     </span>
     <span class='ocr_line' id='line_1_24' title="bbox 458 3173 1607 3256; baseline 0.002 -20"><span class='ocrx_word' id='word_1_176' title='bbox 458 3175 597 3237; x_wconf 82' lang='lat' dir='ltr'><strong>curatius</strong></span> <span class='ocrx_word' id='word_1_177' title='bbox 619 3175 710 3237; x_wconf 88' lang='lat' dir='ltr'><strong>etiam</strong></span> <span class='ocrx_word' id='word_1_178' title='bbox 732 3173 772 3236; x_wconf 87' lang='lat' dir='ltr'><strong>de</strong></span> <span class='ocrx_word' id='word_1_179' title='bbox 794 3173 853 3238; x_wconf 88' lang='lat' dir='ltr'><strong>ltao</strong></span> <span class='ocrx_word' id='word_1_180' title='bbox 876 3176 1057 3256; x_wconf 86' lang='lat' dir='ltr'><strong>quaestione</strong></span> <span class='ocrx_word' id='word_1_181' title='bbox 1079 3174 1243 3237; x_wconf 89' lang='lat' dir='ltr'><strong>dicendum</strong></span> <span class='ocrx_word' id='word_1_182' title='bbox 1275 3179 1332 3236; x_wconf 90' lang='lat' dir='ltr'><strong>est.</strong></span> <span class='ocrx_word' id='word_1_183' title='bbox 1390 3173 1467 3235; x_wconf 86' lang='lat' dir='ltr'><strong>llam</strong></span> <span class='ocrx_word' id='word_1_184' title='bbox 1499 3182 1607 3238; x_wconf 87' lang='lat' dir='ltr'><strong>contra</strong></span> 
     </span>
     <span class='ocr_line' id='line_1_25' title="bbox 457 3279 1608 3362; baseline 0 -18"><span class='ocrx_word' id='word_1_185' title='bbox 457 3280 540 3344; x_wconf 91' lang='lat' dir='ltr'><strong>illam</strong></span> <span class='ocrx_word' id='word_1_186' title='bbox 565 3281 748 3344; x_wconf 88' lang='lat' dir='ltr'><strong>sententiam</strong></span> <span class='ocrx_word' id='word_1_187' title='bbox 773 3282 822 3343; x_wconf 77' lang='lat' dir='ltr'><strong>tel</strong></span> <span class='ocrx_word' id='word_1_188' title='bbox 844 3284 977 3345; x_wconf 88' lang='lat' dir='ltr'><strong>maxime</strong></span> <span class='ocrx_word' id='word_1_189' title='bbox 1000 3281 1107 3344; x_wconf 88' lang='lat' dir='ltr'><strong>lacere</strong></span> <span class='ocrx_word' id='word_1_190' title='bbox 1128 3281 1266 3362; x_wconf 90' lang='lat' dir='ltr'><strong>videtur,</strong></span> <span class='ocrx_word' id='word_1_191' title='bbox 1297 3279 1380 3359; x_wconf 93' lang='lat' dir='ltr'><strong>quod</strong></span> <span class='ocrx_word' id='word_1_192' title='bbox 1403 3287 1542 3342; x_wconf 87' lang='lat' dir='ltr'><strong>veterum</strong></span> <span class='ocrx_word' id='word_1_193' title='bbox 1558 3286 1608 3344; x_wconf 92' lang='lat' dir='ltr'><strong>te-</strong></span> 
     </span>
     <span class='ocr_line' id='line_1_26' title="bbox 457 3385 1608 3470; baseline -0.002 -18"><span class='ocrx_word' id='word_1_194' title='bbox 457 3390 610 3470; x_wconf 88' lang='lat' dir='ltr'><strong>stimonia,</strong></span> <span class='ocrx_word' id='word_1_195' title='bbox 634 3406 715 3469; x_wconf 89' lang='lat' dir='ltr'><strong>quae</strong></span> <span class='ocrx_word' id='word_1_196' title='bbox 738 3387 841 3450; x_wconf 87' lang='lat' dir='ltr'><strong>allerri</strong></span> <span class='ocrx_word' id='word_1_197' title='bbox 862 3395 1008 3470; x_wconf 90' lang='lat' dir='ltr'><strong>possunt,</strong></span> <span class='ocrx_word' id='word_1_198' title='bbox 1034 3389 1136 3451; x_wconf 91' lang='lat' dir='ltr'><strong>omnia</strong></span> <span class='ocrx_word' id='word_1_199' title='bbox 1157 3386 1290 3450; x_wconf 80' lang='lat' dir='ltr'><strong>fabulam</strong></span> <span class='ocrx_word' id='word_1_200' title='bbox 1312 3385 1516 3467; x_wconf 87' lang='lat' dir='ltr'><strong>quadriennio</strong></span> <span class='ocrx_word' id='word_1_201' title='bbox 1538 3396 1608 3467; x_wconf 92' lang='lat' dir='ltr'><strong>post</strong></span> 
     </span>
     <span class='ocr_line' id='line_1_27' title="bbox 458 3493 1607 3579; baseline 0 -20"><span class='ocrx_word' id='word_1_202' title='bbox 458 3505 573 3579; x_wconf 89' lang='lat' dir='ltr'><strong>poetae</strong></span> <span class='ocrx_word' id='word_1_203' title='bbox 596 3503 725 3558; x_wconf 90' lang='lat' dir='ltr'><strong>mortem</strong></span> <span class='ocrx_word' id='word_1_204' title='bbox 749 3494 860 3578; x_wconf 75' lang='lat' dir='ltr'><strong>utos,</strong></span> <span class='ocrx_word' id='word_1_205' title='bbox 883 3495 903 3558; x_wconf 86' lang='grc'><strong>3</strong></span> <span class='ocrx_word' id='word_1_206' title='bbox 925 3524 967 3551; x_wconf 74' lang='lat'><strong>=</strong></span> <span class='ocrx_word' id='word_1_207' title='bbox 991 3494 1051 3559; x_wconf 78' lang='lat' dir='ltr'><strong>lOl</strong></span> <span class='ocrx_word' id='word_1_208' title='bbox 1078 3514 1105 3560; x_wconf 90' lang='lat' dir='ltr'><strong>a.</strong></span> <span class='ocrx_word' id='word_1_209' title='bbox 1124 3495 1196 3559; x_wconf 84' lang='lat' dir='ltr'><strong>Chr.</strong></span> <span class='ocrx_word' id='word_1_210' title='bbox 1219 3513 1250 3556; x_wconf 87' lang='lat' dir='ltr'><strong>u.</strong></span> <span class='ocrx_word' id='word_1_211' title='bbox 1273 3493 1463 3575; x_wconf 82' lang='lat' dir='ltr'><strong>asophocle</strong></span> <span class='ocrx_word' id='word_1_212' title='bbox 1487 3494 1607 3559; x_wconf 90' lang='lat' dir='ltr'><strong>minore</strong></span> 
     </span>
     <span class='ocr_line' id='line_1_28' title="bbox 457 3601 1606 3687; baseline -0.002 -21"><span class='ocrx_word' id='word_1_213' title='bbox 457 3604 589 3687; x_wconf 88' lang='lat' dir='ltr'><strong>doctam,</strong></span> <span class='ocrx_word' id='word_1_214' title='bbox 612 3623 630 3667; x_wconf 93' lang='lat' dir='ltr'><strong>a</strong></span> <span class='ocrx_word' id='word_1_215' title='bbox 652 3602 809 3685; x_wconf 89' lang='lat' dir='ltr'><strong>Sophocle</strong></span> <span class='ocrx_word' id='word_1_216' title='bbox 829 3620 906 3666; x_wconf 86' lang='lat' dir='ltr'><strong>sene</strong></span> <span class='ocrx_word' id='word_1_217' title='bbox 928 3605 1072 3685; x_wconf 87' lang='lat' dir='ltr'><strong>scriptam</strong></span> <span class='ocrx_word' id='word_1_218' title='bbox 1096 3620 1167 3667; x_wconf 91' lang='lat' dir='ltr'><strong>esse</strong></span> <span class='ocrx_word' id='word_1_219' title='bbox 1188 3607 1349 3666; x_wconf 88' lang='lat' dir='ltr'><strong>testantur.</strong></span> <span class='ocrx_word' id='word_1_220' title='bbox 1398 3601 1450 3664; x_wconf 91' lang='lat' dir='ltr'><strong>Sic</strong></span> <span class='ocrx_word' id='word_1_221' title='bbox 1472 3602 1553 3664; x_wconf 91' lang='lat' dir='ltr'><strong>enim</strong></span> <span class='ocrx_word' id='word_1_222' title='bbox 1575 3603 1606 3664; x_wconf 93' lang='lat' dir='ltr'><strong>in</strong></span> 
     </span>
     <span class='ocr_line' id='line_1_29' title="bbox 458 3700 1608 3796; baseline -0.006 -19"><span class='ocrx_word' id='word_1_223' title='bbox 458 3718 641 3793; x_wconf 83' lang='lat' dir='ltr'><strong>argumento</strong></span> <span class='ocrx_word' id='word_1_224' title='bbox 673 3712 752 3793; x_wconf 88' lang='lat' dir='ltr'><strong>apud</strong></span> <span class='ocrx_word' id='word_1_225' title='bbox 778 3700 942 3796; x_wconf 83' lang='lat' dir='ltr'><strong>Bergltium</strong></span> <span class='ocrx_word' id='word_1_226' title='bbox 977 3709 1113 3791; x_wconf 73' lang='lat' dir='ltr'><strong>altero²l</strong></span> <span class='ocrx_word' id='word_1_227' title='bbox 1147 3711 1275 3793; x_wconf 89' lang='lat' dir='ltr'><strong>legitur:</strong></span> <span class='ocrx_word' id='word_1_228' title='bbox 1307 3707 1363 3771; x_wconf 77' lang='grc' dir='ltr'><strong>τὸν</strong></span> <span class='ocrx_word' id='word_1_229' title='bbox 1391 3706 1446 3771; x_wconf 73' lang='grc' dir='ltr'><strong>ἐπὶ</strong></span> <span class='ocrx_word' id='word_1_230' title='bbox 1466 3705 1608 3794; x_wconf 74' lang='grc' dir='ltr'><strong><em>Κολωνῷ</em></strong></span> 
     </span>
     <span class='ocr_line' id='line_1_30' title="bbox 459 3813 1607 3906; baseline -0.002 -27"><span class='ocrx_word' id='word_1_231' title='bbox 459 3815 621 3881; x_wconf 70' lang='grc' dir='ltr'><strong><em>Οἰδίπουν</em></strong></span> <span class='ocrx_word' id='word_1_232' title='bbox 639 3818 695 3882; x_wconf 76' lang='lat' dir='ltr'><strong>snt</strong></span> <span class='ocrx_word' id='word_1_233' title='bbox 714 3816 935 3904; x_wconf 72' lang='grc' dir='ltr'><strong><em>αυελουοφαόα</em></strong></span> <span class='ocrx_word' id='word_1_234' title='bbox 962 3821 1007 3906; x_wconf 76' lang='lat' dir='ltr'><strong>aqi</strong></span> <span class='ocrx_word' id='word_1_235' title='bbox 1028 3818 1155 3903; x_wconf 78' lang='grc' dir='ltr'><em>πάππῳ</em></span> <span class='ocrx_word' id='word_1_236' title='bbox 1177 3815 1348 3900; x_wconf 73' lang='grc' dir='ltr'><strong><em>Σοφοκλῆς</em></strong></span> <span class='ocrx_word' id='word_1_237' title='bbox 1368 3813 1387 3885; x_wconf 81' lang='grc' dir='ltr'>ὁ</span> <span class='ocrx_word' id='word_1_238' title='bbox 1406 3813 1518 3889; x_wconf 75' lang='grc' dir='ltr'><strong><em>ὑϊδοῦς</em></strong></span> <span class='ocrx_word' id='word_1_239' title='bbox 1538 3814 1607 3878; x_wconf 80' lang='lat' dir='ltr'><strong>ddi-</strong></span> 
     </span>
     <span class='ocr_line' id='line_1_31' title="bbox 457 3920 1605 4011; baseline -0.002 -24"><span class='ocrx_word' id='word_1_240' title='bbox 457 3923 573 4000; x_wconf 81' lang='grc' dir='ltr'><strong><em>δαξεν,</em></strong></span> <span class='ocrx_word' id='word_1_241' title='bbox 597 3921 667 3997; x_wconf 70' lang='grc' dir='ltr'><strong><em>υἱὸς</em></strong></span> <span class='ocrx_word' id='word_1_242' title='bbox 688 3926 735 3988; x_wconf 77' lang='grc' dir='ltr'><strong>(ὃν</strong></span> <span class='ocrx_word' id='word_1_243' title='bbox 753 3922 949 4007; x_wconf 62' lang='lat' dir='ltr'><strong>totamm,</strong></span> <span class='ocrx_word' id='word_1_244' title='bbox 971 3925 1026 3990; x_wconf 71' lang='lat' dir='ltr'><strong>snt</strong></span> <span class='ocrx_word' id='word_1_245' title='bbox 1048 3925 1200 4011; x_wconf 72' lang='grc' dir='ltr'><strong><em>ἄρχοντος</em></strong></span> <span class='ocrx_word' id='word_1_246' title='bbox 1220 3925 1393 3998; x_wconf 73' lang='grc' dir='ltr'><strong><em>Μίκωνος,</em></strong></span> <span class='ocrx_word' id='word_1_247' title='bbox 1416 3920 1453 3996; x_wconf 86' lang='grc' dir='ltr'><strong>ὅς</strong></span> <span class='ocrx_word' id='word_1_248' title='bbox 1473 3921 1536 3986; x_wconf 70' lang='grc' dir='ltr'><strong>ἐστι</strong></span> <span class='ocrx_word' id='word_1_249' title='bbox 1558 3925 1605 3986; x_wconf 80' lang='grc' dir='ltr'><strong>τέ-</strong></span> 
     </span>
     <span class='ocr_line' id='line_1_32' title="bbox 457 4025 1604 4117; baseline -0.003 -22"><span class='ocrx_word' id='word_1_250' title='bbox 457 4051 570 4113; x_wconf 76' lang='grc' dir='ltr'><strong><em>ταρτος</em></strong></span> <span class='ocrx_word' id='word_1_251' title='bbox 591 4028 658 4094; x_wconf 83' lang='grc' dir='ltr'><strong>α’πό</strong></span> <span class='ocrx_word' id='word_1_252' title='bbox 683 4029 841 4107; x_wconf 71' lang='grc' dir='ltr'><strong><em>Καλλίου,</em></strong></span> <span class='ocrx_word' id='word_1_253' title='bbox 875 4030 926 4116; x_wconf 71' lang='grc' dir='ltr'><strong>ἐφ’</strong></span> <span class='ocrx_word' id='word_1_254' title='bbox 948 4025 989 4096; x_wconf 73' lang='lat' dir='ltr'><strong>orl</strong></span> <span class='ocrx_word' id='word_1_255' title='bbox 1018 4049 1122 4117; x_wconf 86' lang='grc' dir='ltr'><strong><em>φασιν</em></strong></span> <span class='ocrx_word' id='word_1_256' title='bbox 1151 4027 1183 4094; x_wconf 77' lang='grc' dir='ltr'><strong><em>οἱ</em></strong></span> <span class='ocrx_word' id='word_1_257' title='bbox 1205 4027 1335 4104; x_wconf 79' lang='grc' dir='ltr'><strong><em>πλείους</em></strong></span> <span class='ocrx_word' id='word_1_258' title='bbox 1355 4026 1411 4093; x_wconf 79' lang='grc' dir='ltr'><strong>οόν</strong></span> <span class='ocrx_word' id='word_1_259' title='bbox 1431 4027 1604 4113; x_wconf 78' lang='grc' dir='ltr'><strong><em>Σοφοκλέα</em></strong></span> 
     </span>
     <span class='ocr_line' id='line_1_33' title="bbox 455 4135 1605 4222; baseline -0.002 -20"><span class='ocrx_word' id='word_1_260' title='bbox 455 4135 645 4220; x_wconf 70' lang='grc' dir='ltr'><strong><em>πλουτῆσαι,</em></strong></span> <span class='ocrx_word' id='word_1_261' title='bbox 668 4137 779 4219; x_wconf 88' lang='lat' dir='ltr'><strong>quibus</strong></span> <span class='ocrx_word' id='word_1_262' title='bbox 802 4146 930 4218; x_wconf 89' lang='lat' dir='ltr'><strong>possunt</strong></span> <span class='ocrx_word' id='word_1_263' title='bbox 951 4140 1098 4222; x_wconf 83' lang='lat' dir='ltr'><strong>conferri,</strong></span> <span class='ocrx_word' id='word_1_264' title='bbox 1122 4156 1203 4221; x_wconf 89' lang='lat' dir='ltr'><strong>quae</strong></span> <span class='ocrx_word' id='word_1_265' title='bbox 1225 4137 1383 4219; x_wconf 90' lang='lat' dir='ltr'><strong>inpriore</strong></span> <span class='ocrx_word' id='word_1_266' title='bbox 1405 4143 1528 4200; x_wconf 83' lang='lat' dir='ltr'><strong>exstant</strong></span> <span class='ocrx_word' id='word_1_267' title='bbox 1549 4155 1605 4200; x_wconf 89' lang='lat' dir='ltr'><strong>ar-</strong></span> 
     </span>
     <span class='ocr_line' id='line_1_34' title="bbox 456 4239 1605 4329; baseline -0.005 -21"><span class='ocrx_word' id='word_1_268' title='bbox 456 4251 621 4327; x_wconf 90' lang='lat' dir='ltr'><strong>gumento:</strong></span> <span class='ocrx_word' id='word_1_269' title='bbox 651 4241 686 4306; x_wconf 77' lang='lat' dir='ltr'><strong>al</strong></span> <span class='ocrx_word' id='word_1_270' title='bbox 712 4242 749 4306; x_wconf 75' lang='lat' dir='ltr'><strong>dd</strong></span> <span class='ocrx_word' id='word_1_271' title='bbox 771 4241 883 4329; x_wconf 78' lang='grc' dir='ltr'><strong><em>δρᾶμα</em></strong></span> <span class='ocrx_word' id='word_1_272' title='bbox 904 4246 967 4308; x_wconf 74' lang='grc' dir='ltr'><strong>τῶν</strong></span> <span class='ocrx_word' id='word_1_273' title='bbox 988 4245 1204 4326; x_wconf 73' lang='grc' dir='ltr'><strong><em>θαυμαστῶν·</em></strong></span> <span class='ocrx_word' id='word_1_274' title='bbox 1233 4241 1253 4304; x_wconf 83' lang='lat' dir='ltr'><strong>d</strong></span> <span class='ocrx_word' id='word_1_275' title='bbox 1273 4243 1329 4305; x_wconf 74' lang='lat' dir='ltr'><strong>eci</strong></span> <span class='ocrx_word' id='word_1_276' title='bbox 1349 4239 1422 4325; x_wconf 71' lang='grc' dir='ltr'><strong>ἤδη</strong></span> <span class='ocrx_word' id='word_1_277' title='bbox 1442 4262 1605 4324; x_wconf 76' lang='grc' dir='ltr'><strong><em>γεγηρα-</em></strong></span> 
     </span>
     <span class='ocr_line' id='line_1_35' title="bbox 456 4348 1603 4437; baseline -0.003 -22"><span class='ocrx_word' id='word_1_278' title='bbox 456 4351 533 4426; x_wconf 63' lang='lat' dir='ltr'><strong>atde</strong></span> <span class='ocrx_word' id='word_1_279' title='bbox 554 4348 572 4414; x_wconf 87' lang='lat' dir='ltr'><strong>d</strong></span> <span class='ocrx_word' id='word_1_280' title='bbox 595 4349 765 4437; x_wconf 78' lang='grc' dir='ltr'><strong><em>Σοφοκλῆς</em></strong></span> <span class='ocrx_word' id='word_1_281' title='bbox 783 4350 921 4434; x_wconf 72' lang='grc' dir='ltr'><strong><em>ἐποίησε.</em></strong></span> <span class='ocrx_word' id='word_1_282' title='bbox 965 4353 1045 4417; x_wconf 83' lang='lat' dir='ltr'><strong>Addi</strong></span> <span class='ocrx_word' id='word_1_283' title='bbox 1067 4360 1170 4434; x_wconf 87' lang='lat' dir='ltr'><strong>potest</strong></span> <span class='ocrx_word' id='word_1_284' title='bbox 1190 4352 1293 4433; x_wconf 83' lang='lat' dir='ltr'><strong>locus,</strong></span> <span class='ocrx_word' id='word_1_285' title='bbox 1331 4352 1382 4431; x_wconf 92' lang='lat' dir='ltr'><strong>qui</strong></span> <span class='ocrx_word' id='word_1_286' title='bbox 1405 4358 1504 4414; x_wconf 86' lang='lat' dir='ltr'><strong>exstat</strong></span> <span class='ocrx_word' id='word_1_287' title='bbox 1525 4351 1603 4432; x_wconf 87' lang='lat' dir='ltr'><strong>apud</strong></span> 
     </span>
     <span class='ocr_line' id='line_1_36' title="bbox 455 4456 1603 4544; baseline -0.005 -21"><span class='ocrx_word' id='word_1_288' title='bbox 455 4460 609 4538; x_wconf 89' lang='lat' dir='ltr'><strong>Valerium</strong></span> <span class='ocrx_word' id='word_1_289' title='bbox 632 4460 796 4524; x_wconf 81' lang='lat' dir='ltr'><strong>Maximum</strong></span> <span class='ocrx_word' id='word_1_290' title='bbox 821 4459 894 4544; x_wconf 87' lang='lat' dir='ltr'><strong>vttl,</strong></span> <span class='ocrx_word' id='word_1_291' title='bbox 917 4459 952 4543; x_wconf 82' lang='lat'><strong>7,</strong></span> <span class='ocrx_word' id='word_1_292' title='bbox 978 4457 1035 4542; x_wconf 82' lang='lat' dir='ltr'><strong>tt,</strong></span> <span class='ocrx_word' id='word_1_293' title='bbox 1059 4477 1121 4541; x_wconf 94' lang='lat' dir='ltr'><strong>quo</strong></span> <span class='ocrx_word' id='word_1_294' title='bbox 1144 4458 1199 4522; x_wconf 80' lang='lat' dir='ltr'><strong>tt.</strong></span> <span class='ocrx_word' id='word_1_295' title='bbox 1222 4456 1373 4539; x_wconf 86' lang='lat' dir='ltr'><strong>Berglius</strong></span> <span class='ocrx_word' id='word_1_296' title='bbox 1397 4473 1518 4519; x_wconf 90' lang='lat' dir='ltr'><strong>omnem</strong></span> <span class='ocrx_word' id='word_1_297' title='bbox 1543 4456 1603 4518; x_wconf 93' lang='lat' dir='ltr'><strong>du-</strong></span> 
     </span>
    </p>
   </div>
   <div class='ocr_carea' id='block_1_10' title="bbox 526 4671 911 4838">
    <p class='ocr_par' dir='ltr' id='par_1_13' title="bbox 526 4671 911 4838">
     <span class='ocr_line' id='line_1_37' title="bbox 530 4671 911 4747; baseline 0.016 -20"><span class='ocrx_word' id='word_1_298' title='bbox 530 4675 554 4742; x_wconf 83' lang='grc' dir='ltr'><strong>ΙΙ</strong></span> <span class='ocrx_word' id='word_1_299' title='bbox 574 4673 688 4740; x_wconf 79' lang='lat' dir='ltr'><strong>Quaett.</strong></span> <span class='ocrx_word' id='word_1_300' title='bbox 707 4671 810 4747; x_wconf 85' lang='lat' dir='ltr'><strong>Oedip.</strong></span> <span class='ocrx_word' id='word_1_301' title='bbox 827 4693 855 4746; x_wconf 84' lang='lat' dir='ltr'><strong>p.</strong></span> <span class='ocrx_word' id='word_1_302' title='bbox 875 4676 911 4732; x_wconf 76' lang='lat'><strong>50</strong></span> 
     </span>
     <span class='ocr_line' id='line_1_38' title="bbox 526 4764 776 4838; baseline -0.012 -18"><span class='ocrx_word' id='word_1_303' title='bbox 526 4764 776 4838; x_wconf 56' lang='lat' dir='ltr'><strong>thpwh</strong></span> 
     </span>
    </p>
   </div>
   <div class='ocr_carea' id='block_1_11' title="bbox 0 0 2076 5675">
    <p class='ocr_par' dir='ltr' id='par_1_14' title="bbox 0 0 2076 5675">
     <span class='ocr_line' id='line_1_39' title="bbox 0 0 2076 5675; baseline 0 2"><span class='ocrx_word' id='word_1_304' title='bbox 0 0 2076 5675; x_wconf 95' lang='lat' dir='ltr'><strong> </strong></span> 
     </span>
    </p>
   </div>
  </div>
 </body>
</html>
