4142 5675
945 451 985 530 o
1074 451 1150 549 ,ν

831 604 1257 708 ·-ει-“

457 814 590 881 έλαύνει
609 823 640 878 et
663 836 693 877 v.
719 811 795 877 166:
819 810 955 895 φλόγα
985 811 1335 898 πήματοςτυοιΤΙευυ.
1358 809 1474 894 11,49;
1506 812 1548 871 τοῐ
1572 808 1608 872 δὲ

457 924 547 997 ἐντὸς
568 922 668 995 οὕτως
689 918 840 994 έκοῖετο,
863 917 942 982 ὥστε
961 919 1038 1004 μήτε
1058 922 1123 984 τῶν
1143 921 1233 983 πάνυ
1255 917 1379 981 λεπτῶν
1400 914 1534 998 {partor
1554 919 1609 979 καὶ

459 1027 618 1093 σινδόνυν
639 1027 696 1101 τὰς
717 1024 871 1105 ἐπιβολὰς
892 1023 967 1109 μήδ’
988 1022 1072 1087 ἄλλο
1094 1047 1122 1086 τι
1142 1025 1163 1107 ἢ
1183 1023 1306 1106 γυμνὸν
1327 1022 1514 1103 ἀνέχεσθαι,
1536 1023 1609 1107 ἥδι-

458 1132 517 1196 στά
549 1154 581 1195 τε
610 1132 652 1194 ἄν
681 1129 714 1205 ές
735 1128 833 1213 ,ὕδωρ
866 1130 992 1215 ψυχρὸν
1020 1133 1107 1213 σφᾶς
1135 1128 1251 1203 αὐτοὺς
1283 1128 1413 1215 ῥίπτειν.
1456 1130 1555 1192 Etiam
1579 1150 1607 1193 v.

461 1238 524 1304 190
546 1257 614 1319 sqq.
637 1240 738 1318 potius
761 1235 980 1301 Athenienses.
1005 1256 1095 1318 quam
1119 1236 1285 1300 Thebanos
1319 1235 1499 1317 designatos
1524 1253 1608 1297 esse:

458 1345 529 1409 iilos
553 1346 632 1406 enim
656 1361 717 1406 non
741 1342 840 1405 solum
863 1342 1037 1423 pestilentia
1060 1340 1116 1405 sed
1140 1342 1233 1405 etiam
1252 1340 1335 1404 bello
1350 1332 1453 1424 urgeri
1476 1342 1507 1401 in
1531 1344 1608 1403 urhe

458 1452 613 1533 inclusos,
647 1458 679 1540 et
708 1467 882 1529 quanquam
913 1447 971 1529 ipsi
1001 1465 1064 1510 non
1098 1456 1255 1530 pugnent,
1297 1454 1398 1509 tamen
1426 1447 1485 1510 hoc
1516 1448 1607 1529 hetto,

459 1558 573 1638 quippe
595 1573 675 1636 quac
699 1572 794 1617 causa
816 1552 907 1615 fuerit
930 1553 1030 1617 morbi
1052 1552 1201 1634 pestiferi,
1226 1555 1292 1616 erui
1316 1563 1409 1635 atque
1426 1554 1544 1633 excidi;
1568 1556 1607 1615 de

460 1663 507 1727 his
530 1678 607 1725 uero
630 1660 691 1722 hoc
714 1659 838 1740 proprie
861 1658 922 1722 dici
945 1677 1007 1722 non
1038 1678 1140 1741 posse.
1194 1660 1326 1724 Omnino
1357 1670 1458 1725 autem
1494 1665 1607 1724 verisi-

459 1770 531 1834 nite
554 1786 635 1850 esse,
659 1765 742 1848 quod
764 1765 884 1846 parodo
902 1764 942 1848 ¹)',
966 1785 1026 1847 qua
1051 1767 1100 1830 dei
1123 1766 1162 1830 ad
1183 1764 1349 1830 arcendam
1371 1777 1489 1848 pestem
1513 1770 1607 1832 invo-

458 1882 580 1956 centur,
602 1869 809 1936 htheuienses
832 1875 1042 1955 precationem
1065 1890 1124 1954 pro
1147 1872 1340 1951 semetipsis
1363 1871 1479 1936 institui
1502 1874 1608 1936 oredi-

458 1980 579 2061 deriot;
601 1980 694 2059 idque
717 1980 848 2042 maxime
871 1981 993 2042 ratione
1016 1998 1064 2061 ea,
1087 1996 1147 2059 qua
1168 1976 1219 2040 dei
1241 1978 1437 2059 invocentur,
1459 1996 1608 2059 compro-

457 2088 538 2153 bari.
574 2078 676 2148 ‘immo
700 2086 790 2147 etiam
814 2105 845 2148 v.
867 2083 927 2147 165
951 2103 998 2166 sq.
1014 2082 1039 2165 2]
1066 2101 1130 2147 non
1151 2082 1252 2146 minus
1273 2081 1356 2146 bene
1378 2082 1410 2145 in
1431 2082 1607 2146 Athenien-

456 2210 512 2258 ses
534 2193 696 2273 quadrare.
741 2190 873 2272 Retcgat
894 2209 953 2255 nos
976 2189 1015 2253 ad
1038 2196 1155 2271 pestem
1179 2188 1349 2270 quandam,
1371 2207 1463 2270 quam
1485 2187 1623 2268 Apolli·-

456 2300 509 2362 nis
541 2298 626 2360 iussu
651 2294 857 2359 Athenienses
886 2294 1074 2372 reducendis
1096 2294 1207 2360 Thesei
1236 2295 1357 2361 ossibus
1380 2312 1524 2358 amovere
1547 2312 1607 2357 oo-

458 2406 524 2470 nati
548 2409 647 2486 erant,
668 2402 738 2479 coll.
761 2400 870 2466 scholi.
892 2400 932 2463 ad
953 2400 1008 2467 Ar.
1031 2399 1106 2464 Plut
1129 2419 1158 2462 v.
1183 2398 1264 2463 627:
1278 2394 1459 2483 Ἀθηναῖοι
1482 2397 1518 2461 dt
1539 2396 1608 2461 λοι·

455 2509 621 2594 peronne
654 2510 708 2570 καὶ
737 2504 959 2581 κελευσθέντες
979 2504 1145 2590 ἐκδικῆσαι
1165 2507 1209 2591 τῷ
1233 2507 1347 2589 &poen
1381 2507 1517 2588 τὸνμὲν
1538 2510 1608 2568 Λυ-

456 2614 603 2704 κομήδην
625 2614 773 2691 ἄνετλον,
806 2613 845 2677 τοὶ
879 2612 915 2678 δὲ
943 2612 1021 2679 docti
1042 2612 1319 2696 μεταστειλάμενοι
1340 2617 1395 2675 καὶ
1416 2615 1451 2677 cd
1472 2615 1610 2698 Θησεῖον

456 2722 725 2810 οέκοδομήσαντες
757 2722 909 2795 ἰσοθέους
944 2720 1032 2809 αὐτῷ
1059 2721 1152 2803 τιμὰς
1181 2722 1341 2803 νέμουσιν.
1400 2722 1521 2786 Miraris
1557 2721 1606 2785 hic

457 2833 594 2901 Schoelli
614 2832 866 2914 inconstantiam,
891 2832 942 2912 qui
963 2850 993 2913 p.
1018 2828 1081 2894 178
1103 2850 1141 2893 ea
1164 2829 1204 2892 de
1225 2836 1314 2910 peste
1336 2828 1458 2895 videtur
1481 2829 1605 2911 quidem

458 2939 621 3023 accipere,
649 2935 707 3002 sed
726 2954 757 3017 p.
781 2935 823 2999 42
845 2940 875 2999 u'.
899 2934 938 3000 at
974 2935 1035 3000 hoc
1058 2937 1129 3000 loco
1152 2937 1254 3017 potius
1275 2931 1469 3016 λιμώξαντες
1491 2935 1540 3016 [V.
1565 2936 1606 2998 Θ.

456 3043 516 3115 sed
545 3039 771 3122 λοιμώξαντες,
803 3051 837 3107 ut
856 3042 992 3123 videtur,
1021 3043 1057 3105 R.
1082 3042 1225 3124 Dttbuer,
1255 3036 1364 3105 scholi
1394 3041 1426 3102 in
1447 3041 1603 3122 Aristoph.

457 3148 576 3234 poto]
600 3148 768 3231 legendum
792 3167 863 3213 esse
882 3155 1001 3227 censet,
1024 3148 1158 3214 tortasse
1174 3154 1341 3229 propterea
1364 3146 1446 3229 quod
1468 3147 1500 3211 id
1522 3167 1604 3212 oon-

457 3263 599 3323 iecturae
627 3242 704 3318 suae
739 3255 778 3317 do
801 3253 963 3337 Sophoclis
986 3254 1174 3336 Triptolemo
1197 3253 1337 3337 prolatae
1364 3253 1469 3316 favere
1493 3256 1604 3319 existi-

458 3364 572 3428 mabat.
615 3363 657 3428 ht
678 3365 708 3424 in
731 3362 779 3424 his
801 3362 944 3426 versibus
968 3361 1042 3424 nihil
1065 3369 1151 3429 certe
1167 3358 1377 3442 quaerendum
1409 3365 1471 3437 est3
1501 3351 1620 3426 conti?

452 3477 536 3535 'nent
551 3468 641 3551 ,enin
665 3467 795 3533 formam
817 3468 1006 3548 precationis
1028 3470 1119 3550 piane
1136 3471 1307 3552 vulgarem,
1326 3486 1417 3548 quam
1441 3468 1521 3548 apud
1536 3471 1604 3532 Ho-
1643 3526 1646 3533 .

460 3595 579 3641 merum
602 3576 782 3657 saepissime
802 3575 935 3640 inveniri
958 3583 1064 3640 notum
1087 3585 1145 3652 est,
1168 3577 1249 3643 unde
1272 3595 1340 3642 eam
1364 3575 1455 3643 facile
1477 3575 1605 3656 Sopho-

459 3685 527 3749 cles
548 3692 693 3767 repetere
716 3692 855 3769 poterat,
889 3685 947 3748 nisi
971 3704 1039 3749 eam
1062 3705 1104 3751 ex
1125 3687 1186 3750 vita
1209 3686 1387 3768 quotidiana
1407 3689 1531 3767 repetiit
1542 3685 1582 3766 ὅ).

537 3793 653 3874 itaque
676 3794 723 3877 id,
754 3794 840 3874 quod
873 3811 978 3857 vorum
1000 3799 1182 3874 rectumque
1204 3800 1265 3875 est,
1294 3793 1363 3861 sine
1393 3793 1487 3856 dubio
1510 3795 1607 3856 sensit

459 3899 717 3965 Schneidewinus
738 3900 848 3982 hisque
871 3900 975 3964 verbis
999 3900 1155 3981 expressit
1164 3898 1203 3982 *iz
1227 3899 1296 3980 „ich
1313 3897 1394 3962 hatte
1414 3899 1520 3961 ferner
1545 3899 1605 3960 den

459 4006 634 4089 Sopholdcs
656 4006 705 4072 fiir
727 4025 767 4072 au
788 4005 995 4086 mensohtich,
1018 4007 1127 4070 seinen
1150 4006 1346 4070 auschauern
1368 4005 1428 4068 den
1452 4006 1606 4086 tagtichen

454 4115 589 4196 jammer
612 4133 650 4177 an
674 4114 743 4178 dom
766 4111 993 4194 Dionysisohen
1025 4111 1087 4175 fest
1110 4111 1188 4175 anch
1212 4112 1267 4176 aui
1286 4112 1343 4176 der
1364 4111 1467 4175 btthne
1489 4131 1606 4176 vorzu-

459 4217 574 4283 hatten
617 4219 710 4301 Lage-
724 4219 772 4283 die
793 4217 984 4282 Athenische
1006 4224 1075 4299 pest
1094 4217 1234 4282 wirhtich
1256 4236 1379 4283 unserm
1401 4214 1504 4282 drama
1528 4236 1606 4281 vor-

534 4431 559 4505 1)
579 4428 623 4486 Cf.
641 4449 666 4486 n.
689 4433 736 4486 151
759 4451 800 4507 sq.

532 4521 561 4597 2)
577 4525 603 4578 ελ
626 4543 688 4579 ποτε
714 4525 760 4580 καλ
788 4529 918 4600 προτέρας
940 4529 1004 4592 ἄτας
1030 4529 1250 4604 ὖπερορννμένας
1268 4528 1344 4582 πόλει
1364 4525 1464 4594 ἠκέσατ’
1485 4530 1608 4580 ἐκτοπλαν

458 4617 552 4691 φλέγει
569 4617 703 4691 πήματος,
728 4621 814 4676 ἔλθετε
832 4620 878 4675 καλ
896 4623 953 4676 νῦν.

532 4709 559 4782 3)
577 4707 622 4765 ct.
642 4708 847 4768 Schneidewin.
867 4713 900 4767 ad
920 4712 949 4768 h.
968 4713 987 4767 Ι.

530 4802 761 4875 flhcpw
