4142 5675
1002 638 1219 704 ..14-

536 816 649 897 luisse,
683 820 717 876 ut
747 811 880 895 populo,
913 810 1004 875 cuius
1030 812 1148 875 amicus
1171 810 1408 877 honestissimus
1431 811 1543 895 luerit,
1574 812 1681 879 curan

535 941 621 987 suam
656 920 739 984 nulla
769 918 889 982 macula
923 918 1104 1002 adspersam
1136 937 1347 1001 summamque
1376 921 1407 981 in
1437 920 1599 1001 republica
1621 940 1682 1003 ge-

535 1030 634 1094 renda
656 1026 850 1110 prudentiam
873 1026 1030 1110 probaret,
1053 1032 1146 1107 atque
1168 1027 1223 1107 eis,
1246 1026 1298 1107 qui
1322 1026 1404 1089 bunc
1427 1029 1681 1109 gravissimorum

536 1137 695 1199 criminum
718 1134 932 1198 conseverint
944 1139 974 1194 et
986 1132 1271 1213 condemnaverint,
1293 1133 1502 1196 commendari
1526 1153 1575 1217 aa,
1601 1154 1681 1217 quae

504 1313 509 1322 ,
537 1243 654 1307 eborus
677 1241 716 1303 ad
741 1240 885 1303 Creontis
907 1240 1002 1301 verba
1027 1237 1136 1302 addat:

706 1345 814 1420 καλῶς
835 1344 941 1421 ἔὶεξον
962 1341 1190 1429 εὐλοᾳθοομενῳ
1210 1351 1319 1406 πεσεῖν
1327 1390 1339 1419 ,

708 1454 795 1530 ἄναξ
806 1476 815 1495 ·
838 1461 971 1538 φρονεῖν
992 1451 1055 1536 γὰρ
1076 1448 1110 1515 οἶ
1130 1459 1236 1530 ταχεῖς
1257 1447 1316 1513 οὐκ
1336 1446 1508 1529 ἀσφαλεῖς,

537 1581 640 1647 neque
663 1565 763 1627 minus
786 1562 825 1626 ad
848 1563 907 1625 bos
930 1561 1096 1645 pertinere,
1120 1578 1200 1641 quae
1213 1560 1334 1622 Ιοοοεῑε
1355 1578 1396 1622 ex
1409 1559 1540 1623 aedibus
1551 1576 1682 1639 egressa

535 1679 569 1735 at
591 1670 782 1735 altercationi
797 1668 908 1751 Oedipi
932 1676 963 1732 et
986 1666 1130 1731 Creontis
1152 1666 1243 1729 linem
1267 1667 1450 1749 imponeret,
1472 1666 1631 1730 exclamet
1655 1686 1683 1728 v.
1718 1619 1720 1730 l

535 1778 599 1846 634
622 1796 708 1860 sqq.:

703 1881 807 1965 cleps
828 1877 990 1962 ἄβουλον,
1024 1874 1051 1941 ὦ
1071 1876 1280 1964 ταλαίπωροι,
1303 1877 1414 1944 στάσιν

705 1986 847 2073 γλώσσης
867 1984 1048 2073 duppood‘,
1077 1984 1149 2050 odd⁰
1170 1986 1405 2069 incerporeae
1425 1990 1481 2073 γῆς

707 2094 788 2159 οὕτω
811 2093 964 2178 νοσούσης
985 2091 1055 2156 ἴδια
1077 2096 1238 2167 κινοῦνοες
1259 2094 1345 2157 κακοί
1347 2122 1360 2174 ,·

621 2207 706 2279 Quos
729 2203 818 2266 locos
841 2202 881 2264 de
905 2201 1030 2263 Periclis
1056 2201 1242 2265 adversariis
1264 2204 1332 2265 iure
1354 2203 1414 2267 dici
1435 2204 1576 2286 potuisse
1599 2222 1681 2267 con·

535 2314 682 2378 cedamus
706 2329 809 2391 neque
831 2317 932 2373 temen
957 2309 1056 2372 dictos
1081 2326 1152 2373 esse
1175 2317 1310 2374 constat:
1342 2311 1422 2375 bene
1445 2312 1524 2374 enirn
1548 2322 1681 2390 posenni

534 2424 581 2487 bis
604 2420 706 2485 verbis
728 2418 888 2482 admoneri
910 2417 997 2480 cives
1017 2416 1243 2502 Athenienses,
1276 2422 1329 2501 qui
1357 2420 1482 2484 omnino
1512 2440 1551 2484 ea
1575 2430 1680 2486 aetate

533 2531 664 2593 maxime
683 2544 757 2590 vero
772 2531 863 2606 post
891 2529 1050 2587 mortem
1065 2523 1239 2589 Periclis
1256 2527 1381 2607 saepius
1394 2527 1528 2615 vitiabie
1548 2547 1566 2591 a
1583 2539 1678 2609 poeta

534 2644 645 2700 notata
658 2631 884 2707 commiserint;
908 2646 949 2693 ne
970 2638 1139 2693 statuamus
1153 2631 1276 2713 quidem
1288 2651 1419 2697 necesse
1430 2644 1477 2698 eat
1491 2633 1676 2716 Sophoclem

533 2744 573 2808 de
594 2742 659 2806 suis
684 2741 801 2802 civibus
824 2738 1028 2818 cogitavisse3
1051 2737 1171 2802 duobus
1195 2741 1276 2801 enim
1298 2740 1452 2821 prioribus
1472 2742 1551 2805 locis
1573 2761 1677 2825 gene-

533 2854 614 2917 rales
638 2856 853 2931 proponuntur
875 2848 1060 2928 sententiae,
1083 2846 1195 2928 quibas
1217 2849 1347 2911 consilia
1361 2850 1550 2913 maximeeis
1563 2853 1675 2915 cirita-

532 2961 623 3042 tibus,
647 2956 726 3038 apud
746 2971 823 3036 quas
839 2953 972 3034 populus
987 2971 1135 3016 surnrnarn
1151 2953 1339 3035 reipublicae
1361 2963 1456 3039 tenet,
1481 2957 1675 3021 observanda

532 3083 635 3146 noque
666 3065 791 3143 impune
821 3059 963 3143 neglecta
996 3068 1089 3140 atque
1117 3062 1242 3124 omnino
1276 3062 1419 3125 omnibus
1449 3063 1624 3127 bominibus
1646 3067 1676 3128 in

531 3176 591 3236 vita
616 3171 796 3256 gravissima
820 3171 1046 3232 contineantur.
1099 3167 1208 3248 Neque
1240 3171 1348 3232 tertius
1378 3170 1429 3233 ille
1459 3171 1549 3235 locus
1582 3173 1676 3236 multo

533 3282 621 3345 aliter
645 3283 841 3359 comparatus
866 3285 931 3340 est:
954 3275 1106 3358 quidquid
1130 3277 1211 3339 enirn
1235 3276 1295 3340 boc
1317 3279 1389 3341 loeo
1412 3280 1540 3363 dieitur,
1563 3281 1677 3361 optime

532 3388 663 3471 quadrat
684 3387 722 3450 ed
737 3386 858 3448 tabulae
875 3403 1044 3464 personas3
1067 3402 1171 3465 neque
1189 3386 1426 3467 explicationem
1439 3387 1676 3470 aliundequae-

532 3499 620 3560 altam
644 3493 865 3576 desideramus,
888 3508 1062 3574 quanquam
1085 3492 1117 3554 id
1141 3494 1283 3556 omnibns
1307 3495 1428 3579 dieitur,
1450 3499 1502 3578 qui
1526 3498 1674 3580 Oedipum

532 3611 562 3667 el
586 3605 753 3667 Oreonlern
776 3601 892 3684 imitati,
915 3596 1025 3663 civium
1048 3614 1174 3664 suorum
1197 3603 1275 3666 mala
1299 3623 1362 3668 non
1386 3614 1531 3669 euranoes
1552 3608 1612 3687 ipsi
1634 3607 1675 3671 li-

530 3711 659 3793 tigando
683 3712 763 3771 inter
786 3726 821 3770 se
851 3714 942 3788 atque
973 3708 1130 3771 discordia
1160 3727 1198 3770 ea
1228 3712 1318 3772 etiarn
1352 3719 1540 3795 aggravent3
1572 3732 1675 3796 neque

532 3827 634 3883 tamen
658 3823 705 3881 est
729 3834 832 3899 causa,
856 3836 911 3878 eur
925 3816 963 3877 de
980 3818 1073 3879 certis
1086 3817 1266 3896 quibusdam
1281 3817 1452 3884 horninibus
1474 3829 1503 3886 et
1526 3821 1565 3884 de
1589 3832 1675 3887 certo

489 3963 491 3967 ,
533 3928 614 4009 quod
639 3924 812 3992 Seboellius
836 3924 886 3987 alii
910 3923 1017 3986 volunt
1040 3931 1178 4005 tempore
1194 3924 1242 3987 bie
1265 3928 1446 4008 cogitemus.
1489 3928 1569 3994 Nihil
1591 3940 1676 3995 certe

531 4053 589 4099 nos
614 4032 756 4116 probibet
778 4034 850 4111 quin
875 4031 977 4093 multis
1000 4048 1126 4112 quoque
1150 4032 1216 4094 aliis
1232 4036 1424 4116 temporibus
1441 4036 1472 4098 id
1491 4039 1581 4100 etiarn
1595 4041 1675 4120 apud

530 4143 739 4206 Athenienses
762 4140 863 4202 locum
887 4139 1031 4202 babuisse
1055 4141 1193 4204 dieamus
1210 4141 1241 4224 ¹).

614 4249 747 4312 Maxime
783 4264 860 4309 vero
896 4245 1068 4310 Soboellius
1106 4247 1144 4309 ad
1186 4267 1273 4312 snam
1308 4252 1491 4315 sententiam
1524 4271 1675 4336 compro-

530 4355 680 4439 bandam,
718 4371 779 4436 qua
812 4352 863 4415 bie
894 4371 911 4416 a
940 4351 1076 4416 Creonte
1107 4353 1252 4417 Periclem
1283 4355 1394 4419 referri
1424 4359 1482 4421 sibi
1511 4363 1674 4447 persuasit,

540 4501 849 4516 ————-——-·

605 4607 629 4674 l)
649 4601 708 4658 Nisi
729 4604 801 4657 lorte
820 4605 912 4659 rerbia
932 4621 1003 4677 quaa
1022 4611 1088 4658 runt
1104 4604 1153 4676 γῆς
1171 4602 1238 4657 odra
1251 4607 1379 4673 νοσούσης
1397 4615 1584 4678 pestem-eam,
1603 4629 1675 4685 quae

530 4696 609 4751 initio
630 4696 697 4750 belli
717 4693 951 4767 Peloponnesiaci
971 4695 1077 4759 saeviit,
1096 4695 1278 4766 significatam
1292 4715 1355 4752 erae
1373 4697 1549 4754 arbitramur:
1571 4702 1622 4756 aed
1642 4704 1676 4758 de
1719 4744 1720 4768 2

529 4790 581 4844 bae
601 4805 631 4844 re
649 4787 722 4843 inira
740 4786 858 4842 dicetur.
