4142 5675
946 632 1142 693 ..7-

465 819 539 867 men
561 808 727 883 propterea
745 800 910 866 Philoclem
935 803 1046 866 eodem
1063 812 1204 884 tempore
1226 800 1422 885 tetralogiam
1443 819 1530 865 suam
1553 802 1614 870 de-

465 911 573 973 cuisse
596 906 751 984 dicemus,
787 907 878 971 Terei
901 910 981 972 enim
1007 907 1111 973 Pabula
1133 927 1202 972 cunr
1226 908 1353 971 omnino
1376 906 1415 970 ed
1438 927 1493 972 eas
1515 910 1614 990 perti-

465 1022 556 1098 neat,
589 1033 669 1095 quae
700 1016 825 1097 saepius
858 1018 1000 1098 apaetis
1020 1018 1146 1099 tragicis
1168 1021 1318 1079 tractatae
1340 1016 1416 1099 sint,
1449 1016 1498 1079 illa
1523 1018 1613 1081 eliam

466 1126 579 1208 quovis
601 1123 663 1187 atio
691 1131 834 1204 tempore
856 1132 925 1190 ncta
948 1144 1019 1189 esse
1041 1132 1153 1206 polest.
1203 1124 1246 1188 lta
1269 1132 1357 1188 certe
1378 1124 1562 1206 Sophoclem
1583 1133 1614 1189 et

465 1234 565 1313 ipsam
589 1229 720 1294 Tereum
743 1229 892 1296 docuisse
919 1250 960 1295 ex
989 1231 1097 1297 soholl
1121 1231 1159 1295 ad
1182 1230 1236 1294 hr.
1257 1229 1316 1293 Aa.
1338 1250 1366 1292 v.
1394 1228 1456 1293 100
1477 1250 1524 1312 sq.
1537 1230 1559 1315 ¹)
1583 1238 1615 1294 et

466 1358 508 1402 ex
529 1338 708 1421 fragmentis
731 1339 895 1422 nonnullis,
919 1358 999 1420 quae
1022 1360 1063 1404 ex
1085 1339 1143 1401 hac
1165 1338 1268 1402 iahula
1285 1337 1502 1419 anemurum,
1523 1358 1614 1401 com-

466 1454 589 1528 pertum
611 1444 761 1509 habemns
786 1446 880 1527 idque
902 1446 1069 1511 Philoclem
1102 1453 1170 1527 post
1201 1464 1271 1509 eum
1294 1445 1415 1507 demum
1438 1443 1550 1508 iecisse
1573 1468 1614 1509 ex

466 1550 574 1616 scholi.
596 1550 634 1613 ed
657 1551 711 1614 Ar.
734 1551 791 1614 hv.
815 1572 843 1616 v.
867 1550 930 1615 282
955 1559 1094 1636 apparel.
1138 1554 1171 1617 Si
1188 1552 1282 1635 igitur
1298 1551 1350 1614 illo
1373 1570 1456 1614 anno
1479 1551 1611 1615 fabulam

465 1660 609 1742 aliquem,
632 1659 683 1722 cui
705 1660 806 1721 'Pereo
830 1677 943 1722 nomen
967 1662 1145 1742 inscriptum
1170 1667 1253 1738 erat,
1284 1667 1383 1723 aelam
1406 1677 1477 1722 esse
1499 1660 1612 1722 volue-

465 1770 578 1850 rimus,
615 1768 724 1831 eadcm
759 1785 835 1830 sane
867 1767 989 1831 ratione
1020 1775 1114 1848 atque
1136 1766 1279 1830 Philoclis
1310 1765 1474 1847 Sophoclis
1509 1767 1611 1831 iahulo

464 1876 564 1941 inisse
585 1876 712 1956 poterit

550 1982 596 2046 Eo
619 1981 753 2062 denique
776 1980 859 2063 loco,
881 1998 972 2062 quem
996 1982 1174 2061 nuperrime
1196 1979 1385 2068 Berghius⁵)
1410 1981 1516 2064 attulit,
1540 1982 1613 2046 nihil

464 2098 569 2174 potest
591 2089 687 2152 effici:
724 2088 795 2151 dicit
822 2089 903 2152 enim
928 2087 1063 2152 iorlasee
1086 2087 1125 2151 ad
1149 2087 1239 2152 huius
1262 2087 1445 2171 tragoediae
1461 2092 1610 2154 commis-

464 2200 585 2262 sionem
610 2194 809 2259 reiorendmn
833 2213 915 2277 esse,
938 2193 1022 2278 quod
1037 2195 1191 2260 Eusebius
1213 2196 1243 2260 in
1257 2194 1413 2259 Chronico
1425 2195 1610 2276 Sophoclem

465 2314 498 2369 el
518 2302 756 2384 Aristophanem
779 2301 881 2364 claros
911 2301 1021 2366 haberi
1043 2300 1236 2365 adnotaverit
1258 2301 1306 2366 Ol.
1328 2299 1371 2363 80
1382 2301 1411 2379 4)
1418 2351 1426 2386 ,
1448 2303 1609 2384 syncellus

464 2410 512 2475 01
534 2408 578 2475 08
599 2411 743 2475 adiuncto
757 2407 919 2490 Eupolide,
942 2408 995 2488 qui
1008 2408 1135 2489 primam
1160 2406 1302 2474 docuerit
1319 2408 1449 2472 fabulam
1462 2410 1511 2472 01.
1522 2409 1563 2471 07
1576 2410 1609 2495 5).

463 2524 503 2582 ht
531 2520 661 2600 primum
689 2517 781 2599 plane
807 2517 959 2580 incertum
989 2524 1053 2598 est,
1085 2534 1218 2596 quanam
1251 2518 1413 2599 tragoedia
1437 2519 1609 2600 Sophocles

461 2631 536 2690 lunc
559 2627 718 2714 victoriam
749 2626 971 2706 reportaverit;
1007 2624 1122 2690 deinde
1152 2643 1228 2694 veru
1260 2625 1403 2690 omnibus
1433 2633 1538 2692 notum
1562 2638 1609 2692 est

463 2733 616 2816 Oedipum
638 2733 757 2814 Regem
780 2750 844 2796 non
867 2733 989 2814 vicisse,
1012 2732 1070 2795 sed
1086 2734 1197 2800 rictam
1217 2750 1298 2816 esse,
1321 2751 1411 2814 quam
1427 2733 1465 2797 ob
1484 2754 1608 2802 causam

462 2859 503 2906 eo
526 2859 609 2905 anno
632 2848 724 2922 poeta
746 2858 851 2920 nepus
874 2846 961 2907 recte
983 2834 1196 2923 γνωρίζεσθαι
1219 2839 1279 2905 diei
1307 2858 1411 2921 neque
1439 2861 1509 2907 cum
1531 2845 1608 2929 aliis,

461 2967 592 3032 quorum
607 2949 740 3013 -iahalae
763 2951 910 3031 vicerant,
933 2950 976 3013 ila
998 2954 1122 3030 poterat
1139 2949 1296 3030 componi.
1340 2949 1380 3011 m
1403 2950 1516 3019 disent
1540 2955 1605 3018 illa:

460 3056 624 3140 „qumvis
645 3054 797 3119 Philocles
812 3054 959 3137 Sophocli
981 3055 1114 3137 palmam
1127 3057 1341 3140 praeripuerit,
1364 3063 1467 3123 tamen
1481 3061 1606 3140 Sopho-

459 3164 516 3229 otii
540 3162 701 3246 tragoedia
724 3162 859 3227 omniurn
883 3162 1084 3227 confessione
1106 3164 1368 3243 praestantissima
1396 3171 1444 3227 est
1473 3165 1606 3249 hahita,“

458 3288 497 3333 ae
519 3276 606 3336 reete
628 3269 716 3352 dicit,
744 3270 771 3333 si
794 3268 833 3332 de
855 3269 971 3337 indicio
994 3287 1034 3333 eo
1059 3271 1189 3352 cogitat,
1220 3269 1304 3350 quod
1326 3273 1460 3352 posteris
1483 3282 1606 3357 tempo-

457 3376 546 3441 ribus
568 3394 680 3441 omnes
703 3376 743 3439 de
766 3396 802 3440 ea
827 3376 978 3459 tulerunt,
1011 3377 1069 3441 sed
1091 3385 1179 3443 recte
1202 3397 1272 3441 eum
1293 3377 1409 3443 dixisse
1432 3383 1605 3463 negandum

458 3491 520 3568 est,
540 3486 568 3551 ai
590 3489 677 3566 putat
699 3483 801 3565 paullo
826 3493 987 3565 postquam
1011 3484 1116 3548 iahula
1139 3493 1207 3552 aeta
1230 3488 1270 3549 eil
1283 3486 1526 3557 Atheniensibus
1550 3511 1606 3555 cr-

455 3610 563 3656 rorem
593 3592 691 3657 inisse
718 3591 859 3674 obvium,
898 3610 990 3674 quem
1024 3594 1143 3661 etiamsi
1173 3601 1405 3678 cognoverunt,
1438 3602 1542 3663 tamen
1574 3601 1605 3662 id

459 3699 712 3780 chronographis
735 3699 794 3765 illis
817 3699 928 3763 nnllam
952 3698 1045 3763 dabat
1066 3718 1202 3773 causam,
1224 3720 1280 3764 eur
1303 3701 1354 3764 alii
1376 3711 1490 3783 poetae
1513 3713 1605 3787 atque

456 3811 490 3876 ei
513 3810 565 3889 qni
585 3827 621 3872 re
643 3827 717 3872 vera
742 3808 860 3875 vicerat
882 3809 1043 3873 victoriam
1076 3809 1258 3875 tribuerent.
1313 3810 1421 3890 ltaque
1450 3814 1533 3894 qnod
1563 3815 1605 3878 illi

533 4069 558 4138 1)
575 4068 604 4122 ἓν
622 4068 677 4140 γὰρ
697 4069 731 4140 τῷ
750 4073 831 4139 Τηρεῖ
848 4071 988 4139 Σοφοκλῆς
1006 4072 1128 4136 inclama
1145 4070 1226 4124 adeda
1244 4069 1479 4145 dnmprtdmpm'rcr
1498 4075 1545 4127 καὶ
1562 4078 1605 4144 τὴν

454 4159 593 4232 aptarer.
632 4164 661 4214 lu
678 4154 701 4232 pi
720 4164 823 4228 ἔσκωψε
841 4162 926 4217 πολλὰ
945 4163 990 4216 τὸν
1010 4165 1107 4233 ἠρία.

529 4255 558 4328 0)
577 4252 621 4309 Gi.
641 4252 750 4309 Nauck.
770 4255 884 4324 tragice.
903 4272 1014 4325 graeco.
1033 4257 1159 4327 frag-nr.
1180 4275 1206 4328 p.
1225 4259 1281 4313 hol
1299 4275 1359 4331 sqq.

525 4349 558 4418 0)
578 4345 665 4417 Soph.
686 4347 855 4416 tragoediae,
875 4346 983 4420 Lipsiae
1005 4351 1075 4405 lmus
1093 4370 1121 4420 p.
1142 4348 1261 4408 XXXV.
1281 4370 1311 4406 n.
1334 4353 1395 4408 135.

530 4443 557 4508 l)
576 4437 739 4512 Quanquam
758 4439 785 4495 h.
805 4440 824 4493 l.
845 4439 913 4494 haec
933 4450 1038 4496 tantum
1059 4443 1205 4512 teguntur:
1233 4442 1390 4516 Sophoclea
1410 4447 1531 4516 tragicus
1551 4466 1603 4502 co-

457 4531 648 4605 gnoscebatur
667 4530 808 4602 Σοφοκλῆς
826 4533 841 4587 ὅ
859 4533 1065 4605 τραγῳδοποιὸς
1081 4536 1245 4606 ιγνωρίζεω.

531 4625 559 4690 bt
580 4622 660 4695 Apud
680 4622 840 4695 Spneslluur
861 4621 871 4678 1
891 4625 945 4680 tea
965 4625 1009 4680 ed.
1028 4622 1158 4679 Dindori.
1182 4625 1252 4681 haee
1270 4626 1362 4700 legar:
1396 4629 1540 4701 Ὀλυμπιὰς
1555 4633 1602 4692 nc.

458 4716 578 4779 Εὔπολις
593 4716 643 4771 καὶ
657 4715 845 4789 Ἀριστοφάνης
862 4717 979 4791 κωμικοὶ
996 4718 1138 4790 Σοφοκλῆς
1154 4737 1179 4774 ra
1193 4719 1208 4772 l
1224 4721 1428 4793 rgcypdoumic
1441 4723 1604 4793 tyrmpitero.

461 4807 539 4866 Eine
555 4809 642 4880 igitur
660 4809 812 4882 paullulum
833 4810 977 4878 metenda,
1002 4829 1074 4885 qaae
1093 4828 1123 4869 m·
1139 4812 1165 4866 d.
1186 4811 1285 4868 attulit.
