4142 5675
1009 639 1203 703 ..3-

534 814 670 886 narraot,
695 805 732 868 ad
757 805 846 869 aliam
868 807 1032 888 Sophoclis
1056 809 1188 874 fabulam
1214 820 1261 874 est
1283 813 1489 879 referendum.
1545 820 1576 881 Si
1602 838 1677 883 vero

533 910 570 971 ab
594 912 680 974 initio
704 913 863 994 Sophoclis
886 915 1049 998 tragoedia
1077 917 1115 979 ab
1140 917 1282 981 omnibus
1305 925 1567 1000 praestantissima
1592 935 1678 990 esset

533 1016 644 1099 habita,
667 1022 694 1082 ei
718 1028 804 1084 certe
828 1022 986 1088 victoriam
1011 1043 1074 1087 nou
1099 1024 1319 1107 denegassent.

618 1128 734 1201 Quibus
758 1131 918 1214 expositis,
942 1132 1092 1215 Oedipum
1115 1140 1186 1197 ante
1209 1133 1255 1199 Ol.
1280 1135 1336 1220 91,
1359 1136 1379 1197 2
1402 1164 1444 1191 ·--·
1467 1136 1530 1201 414
1554 1161 1580 1204 a.
1605 1141 1676 1206 Chr.

531 1234 651 1299 doctam
676 1255 761 1320 esse,
788 1256 851 1301 noo
874 1240 986 1303 iamin
1009 1240 1133 1304 dubium
1155 1242 1348 1328 vocabimus,
1373 1246 1537 1310 verisimile
1560 1255 1675 1311 tantum

529 1348 576 1403 est
600 1350 696 1405 actam
720 1354 790 1424 post
815 1345 862 1408 01.
885 1344 936 1429 87,
963 1344 990 1408 l.

1030 1581 1117 1661 daprt
1138 1582 1173 1644 ll.

1016 1755 1146 1803 Particula
1163 1756 1184 1802 1.

612 1880 672 1943 lam
697 1883 892 1962 pervenimus
916 1883 955 1946 ad
979 1884 1106 1948 alteram
1131 1903 1260 1967 eamque
1287 1885 1486 1967 principalem
1510 1889 1675 1968 quaestio·

526 1987 573 2050 nie
595 1996 724 2073 partem,
748 2008 807 2072 qua
830 1991 867 2053 io
891 1991 973 2071 ipsa
996 1991 1134 2057 tabula
1156 1992 1305 2074 temporis
1328 2011 1389 2074 quo
1407 1993 1498 2058 docta
1521 1998 1559 2057 sit
1573 1997 1673 2059 vesli-

526 2096 577 2178 gia
598 2096 747 2180 indagare
772 2104 864 2180 alque
886 2098 1073 2182 investigare
1095 2101 1287 2181 propositum
1312 2107 1369 2166 est.

612 2204 687 2267 Tota
701 2208 855 2284 expositio
878 2205 1009 2268 cumhic
1033 2226 1074 2269 ex
1096 2208 1251 2271 sententia
1275 2206 1404 2288 quadam
1428 2208 1568 2290 generali
1591 2228 1676 2290 pen-

528 2311 614 2394 deat,
654 2312 692 2374 de
715 2311 773 2375 hac
796 2314 923 2394 primum
949 2314 1094 2377 nonnulla
1119 2314 1250 2378 dicenda
1274 2322 1374 2379 erunt.
1429 2315 1504 2377 Cum
1534 2325 1676 2382 veterum

525 2419 588 2482 vila
611 2419 744 2482 maxime
766 2421 797 2481 in
820 2420 981 2502 republica
1004 2429 1193 2506 versaretur,
1215 2422 1306 2502 plane
1322 2440 1425 2485 rerum
1439 2432 1567 2487 naturae
1590 2443 1675 2487 con-

524 2525 610 2588 venit
632 2533 755 2605 poetam
780 2533 832 2589 aut
853 2534 939 2590 cerlo
964 2528 1095 2591 consilio
1125 2537 1178 2591 aut
1204 2531 1435 2610 opportunitate
1458 2548 1565 2593 eorum
1591 2551 1677 2613 quae

526 2640 685 2715 proponat
707 2643 851 2715 tanquam
876 2634 1033 2717 abreptum
1057 2636 1239 2716 saepissime
1261 2636 1310 2697 vel
1333 2636 1417 2698 bona
1437 2637 1489 2698 vel
1513 2637 1592 2700 mala
1617 2658 1676 2702 ae-

526 2741 658 2822 qualium
683 2742 762 2805 lacta
786 2748 895 2806 notare
918 2742 1125 2825 iudiciumque
1150 2743 1190 2807 de
1213 2742 1424 2825 eisprolerre.
1468 2743 1571 2825 Atque
1594 2765 1675 2827 per-

525 2850 611 2912 multi
633 2869 701 2912 cmn
727 2851 857 2914 eandem
881 2853 1065 2916 sententiam
1089 2859 1266 2934 tuerentur,
1296 2869 1402 2914 ornnes
1424 2850 1529 2934 locos,
1561 2854 1676 2934 quibus

526 2957 712 3040 Sophoclem
736 2958 773 3021 ad
798 2968 938 3041 tempora
961 2978 1017 3023 sua
1047 2959 1224 3040 respexisse
1256 2957 1421 3041 putabant,
1457 2976 1574 3022 summa
1598 2962 1675 3025 dili-

524 3070 629 3148 gentia
653 3068 844 3148 conquisitos
867 3065 1098 3149 indicaverunt,
1133 3072 1163 3128 et
1192 3063 1262 3147 quid
1285 3064 1360 3127 inde
1382 3064 1422 3127 de
1444 3072 1585 3147 tempore
1609 3088 1674 3150 quo

525 3171 616 3236 docta
638 3177 677 3237 sit
698 3175 861 3258 tragoedia
885 3173 1029 3238 concludi
1052 3182 1167 3256 posset,
1190 3190 1308 3236 summo
1332 3172 1439 3254 ingeni
1459 3175 1600 3236 acumine
1623 3180 1674 3240 usi

525 3283 749 3364 explicuerunt.
795 3283 851 3346 llel
872 3285 1005 3348 maxima
1028 3289 1132 3346 autem
1156 3283 1299 3346 cautione
1322 3282 1352 3342 in
1377 3282 1421 3343 eis
1440 3281 1517 3345 locis
1532 3289 1674 3346 mactan-

525 3390 570 3452 dis
608 3409 688 3473 opus
724 3409 794 3454 esse
828 3392 918 3455 facile
947 3390 1151 3472 intellegilm:
1184 3390 1308 3468 saepius
1341 3390 1421 3450 enim
1444 3390 1477 3451 lit
1497 3425 1540 3436 -
1563 3400 1593 3453 et
1616 3412 1675 3457 cur

523 3497 584 3580 sral,
608 3498 727 3561 facilem
752 3498 843 3561 habel
866 3498 1049 3579 explicatum
1076 3530 1112 3542 -
1140 3502 1172 3558 ut
1199 3495 1270 3559 talia
1299 3502 1386 3559 certo
1416 3496 1546 3559 consilio
1569 3516 1673 3578 quae-

524 3612 630 3671 rentes
654 3625 691 3670 ea
715 3608 854 3670 invenire
877 3606 966 3669 nobis
990 3604 1166 3688 videamur,
1191 3622 1274 3686 quae
1297 3622 1410 3666 revera
1434 3623 1472 3669 eo
1494 3625 1584 3686 quem
1608 3625 1673 3670 no—

524 3713 571 3776 bis
595 3712 768 3796 eitingimus
792 3730 887 3776 sensu
908 3711 990 3776 dicta
1012 3730 1076 3775 non
1098 3718 1182 3796 sunt,
1212 3728 1314 3792 neque
1338 3729 1407 3773 emn
1430 3711 1545 3773 inferre
1568 3718 1673 3778 conati

525 3839 678 3904 essemus,
701 3823 727 3885 si
750 3822 832 3885 nullo
856 3820 970 3884 iudicio
994 3827 1179 3902 antecapto
1203 3819 1241 3880 ad
1263 3819 1395 3882 tabulam
1419 3819 1671 3887 accessissemus.

524 3929 606 3992 Certi
628 3930 807 4011 igiturfines
831 3930 861 3991 in
884 3928 942 3990 hac
963 3947 998 3991 re
1022 3927 1148 3991 tenendi
1164 3934 1244 4008 sunt,
1267 3944 1346 4007 quos
1358 3927 1480 4007 impune
1493 3931 1669 4010 transgredi

524 4056 587 4102 uon
611 4038 697 4115 licet;
728 4039 856 4100 niaxima
882 4056 958 4100 vero
983 4035 1146 4099 difficultas
1168 4035 1198 4097 in
1223 4052 1262 4097 eo
1285 4034 1353 4115 ipso
1375 4035 1474 4115 posita
1499 4042 1562 4117 est,
1587 4039 1670 4117 quod

524 4146 577 4209 ubi
599 4148 804 4210 consistamus
827 4152 972 4209 accurate
1006 4144 1127 4208 deliniri
1160 4162 1224 4208 noo
1251 4149 1364 4224 polest.
1417 4140 1523 4224 ltaque
1556 4143 1668 4209 lactum

524 4261 581 4336 est,
605 4263 637 4317 ut
659 4256 716 4317 viri
739 4256 907 4318 doctissimi
930 4254 1053 4335 saepius
1075 4253 1133 4315 laos
1157 4251 1234 4315 fines
1264 4249 1571 4333 transgrederentur,
1599 4271 1669 4317 cum

524 4371 577 4426 aut
601 4363 755 4426 divinandi
779 4364 906 4445 ingenio
931 4369 982 4425 aul
1004 4360 1195 4443 praeiudicio
1223 4358 1356 4441 quodam
1385 4357 1466 4420 iusto
1494 4358 1584 4422 latius
1609 4360 1668 4422 ab·

524 4472 724 4536 ducerentur.
769 4472 831 4534 lam
850 4472 890 4534 ita
915 4469 1089 4552 procedere
1113 4467 1271 4548 volumus,
1307 4471 1339 4527 ut
1362 4468 1489 4546 primum
1522 4474 1667 4547 quantum

524 4600 633 4643 eorum
657 4580 831 4644 sententiae
854 4579 937 4642 inter
959 4577 1361 4659 sedifferanlexponamus,
1386 4582 1415 4637 et
1439 4593 1500 4656 qno
1522 4593 1574 4637 res
1598 4595 1667 4639 eum

523 4707 560 4754 ea
584 4687 726 4771 quaestio
751 4692 964 4768 excuteretur,
988 4684 1141 4775 paullatim
1160 4683 1340 4767 devenerit,
1374 4683 1511 4746 breviter
1535 4701 1668 4747 enarre-

522 4813 599 4880 mus,
622 4795 737 4859 deinde
759 4794 831 4877 quid
855 4800 941 4858 recle
965 4814 982 4859 a
1005 4813 1054 4858 vv.
1079 4790 1141 4876 dd.,
1167 4791 1240 4874 quid
1261 4791 1341 4858 laiso
1359 4791 1470 4857 dictum
1491 4791 1540 4873 sit,
1562 4809 1668 4873 quae-
