<?xml version="1.0" encoding="UTF-8"?>
<!DOCTYPE html PUBLIC "-//W3C//DTD XHTML 1.0 Transitional//EN"
    "http://www.w3.org/TR/xhtml1/DTD/xhtml1-transitional.dtd">
<html xmlns="http://www.w3.org/1999/xhtml" xml:lang="en" lang="en">
 <head>
  <title>
</title>
<meta http-equiv="Content-Type" content="text/html;charset=utf-8" />
  <meta name='ocr-system' content='tesseract 3.04.00' />
  <meta name='ocr-capabilities' content='ocr_page ocr_carea ocr_par ocr_line ocrx_word'/>
</head>
<body>
  <div class='ocr_page' id='page_1' title='image "./oedipusrexquote00liongoog_0034.png"; bbox 0 0 4142 5675; ppageno 0'>
   <div class='ocr_carea' id='block_1_1' title="bbox 928 651 1143 719">
    <p class='ocr_par' dir='ltr' id='par_1_1' title="bbox 928 651 1143 719">
     <span class='ocr_line' id='line_1_1' title="bbox 928 651 1143 719; baseline 0.005 -15"><span class='ocrx_word' id='word_1_1' title='bbox 928 651 1143 719; x_wconf 76' lang='grc'><strong>-30...</strong></span> 
     </span>
    </p>
   </div>
   <div class='ocr_carea' id='block_1_2' title="bbox 458 820 1614 1014">
    <p class='ocr_par' dir='ltr' id='par_1_2' title="bbox 458 820 1614 1014">
     <span class='ocr_line' id='line_1_2' title="bbox 458 820 1614 905; baseline -0.001 -19"><span class='ocrx_word' id='word_1_2' title='bbox 458 821 639 887; x_wconf 87' lang='lat' dir='ltr'><strong>bitationem</strong></span> <span class='ocrx_word' id='word_1_3' title='bbox 669 820 709 884; x_wconf 90' lang='lat' dir='ltr'><strong>de</strong></span> <span class='ocrx_word' id='word_1_4' title='bbox 737 828 879 901; x_wconf 88' lang='lat' dir='ltr'><strong>tempore</strong></span> <span class='ocrx_word' id='word_1_5' title='bbox 910 839 971 902; x_wconf 93' lang='lat' dir='ltr'><strong>quo</strong></span> <span class='ocrx_word' id='word_1_6' title='bbox 999 823 1113 904; x_wconf 82' lang='lat' dir='ltr'><strong>scripta</strong></span> <span class='ocrx_word' id='word_1_7' title='bbox 1140 822 1181 887; x_wconf 88' lang='lat' dir='ltr'><strong>sit</strong></span> <span class='ocrx_word' id='word_1_8' title='bbox 1209 822 1372 905; x_wconf 75' lang='lat' dir='ltr'><strong>tragoedia</strong></span> <span class='ocrx_word' id='word_1_9' title='bbox 1404 822 1499 886; x_wconf 89' lang='lat' dir='ltr'><strong>eximi</strong></span> <span class='ocrx_word' id='word_1_10' title='bbox 1531 823 1614 898; x_wconf 77' lang='lat' dir='ltr'><strong>dicit,</strong></span> 
     </span>
     <span class='ocr_line' id='line_1_3' title="bbox 459 925 1612 1014; baseline 0.003 -24"><span class='ocrx_word' id='word_1_11' title='bbox 459 946 633 1010; x_wconf 90' lang='lat' dir='ltr'><strong>quanquam</strong></span> <span class='ocrx_word' id='word_1_12' title='bbox 654 927 863 1004; x_wconf 85' lang='lat' dir='ltr'><strong>Bernhardius</strong></span> <span class='ocrx_word' id='word_1_13' title='bbox 875 925 901 1013; x_wconf 84' lang='lat'><strong>¹)</strong></span> <span class='ocrx_word' id='word_1_14' title='bbox 924 929 1090 1010; x_wconf 82' lang='lat' dir='ltr'><strong>quidquam</strong></span> <span class='ocrx_word' id='word_1_15' title='bbox 1113 929 1143 992; x_wconf 93' lang='lat' dir='ltr'><strong>ei</strong></span> <span class='ocrx_word' id='word_1_16' title='bbox 1166 928 1363 992; x_wconf 86' lang='lat' dir='ltr'><strong>tribuendam</strong></span> <span class='ocrx_word' id='word_1_17' title='bbox 1379 946 1451 992; x_wconf 89' lang='lat' dir='ltr'><strong>esse</strong></span> <span class='ocrx_word' id='word_1_18' title='bbox 1474 931 1612 1014; x_wconf 86' lang='lat' dir='ltr'><strong>negavit.</strong></span> 
     </span>
    </p>
   </div>
   <div class='ocr_carea' id='block_1_3' title="bbox 434 1035 1611 3469">
    <p class='ocr_par' dir='ltr' id='par_1_3' title="bbox 458 1035 1611 2404">
     <span class='ocr_line' id='line_1_4' title="bbox 458 1035 1611 1118; baseline 0.004 -21"><span class='ocrx_word' id='word_1_19' title='bbox 458 1036 521 1097; x_wconf 89' lang='lat' dir='ltr'><strong>lam</strong></span> <span class='ocrx_word' id='word_1_20' title='bbox 544 1036 713 1118; x_wconf 88' lang='lat' dir='ltr'><strong>videamus,</strong></span> <span class='ocrx_word' id='word_1_21' title='bbox 737 1035 809 1116; x_wconf 93' lang='lat' dir='ltr'><strong>quid</strong></span> <span class='ocrx_word' id='word_1_22' title='bbox 831 1054 938 1098; x_wconf 90' lang='lat' dir='ltr'><strong>verum</strong></span> <span class='ocrx_word' id='word_1_23' title='bbox 960 1038 1010 1100; x_wconf 84' lang='lat' dir='ltr'><strong>sit.</strong></span> <span class='ocrx_word' id='word_1_24' title='bbox 1054 1037 1213 1118; x_wconf 85' lang='lat' dir='ltr'><strong>Leguntur</strong></span> <span class='ocrx_word' id='word_1_25' title='bbox 1233 1038 1285 1100; x_wconf 91' lang='lat' dir='ltr'><strong>illo</strong></span> <span class='ocrx_word' id='word_1_26' title='bbox 1308 1037 1380 1100; x_wconf 87' lang='lat' dir='ltr'><strong>loco</strong></span> <span class='ocrx_word' id='word_1_27' title='bbox 1403 1036 1495 1101; x_wconf 91' lang='lat' dir='ltr'><strong>haec:</strong></span> <span class='ocrx_word' id='word_1_28' title='bbox 1529 1038 1611 1118; x_wconf 84' lang='lat' dir='ltr'><strong>„So-</strong></span> 
     </span>
     <span class='ocr_line' id='line_1_5' title="bbox 458 1142 1609 1226; baseline 0.002 -20"><span class='ocrx_word' id='word_1_29' title='bbox 458 1143 587 1226; x_wconf 91' lang='lat' dir='ltr'><strong>phocles</strong></span> <span class='ocrx_word' id='word_1_30' title='bbox 608 1161 733 1226; x_wconf 91' lang='lat' dir='ltr'><strong>quoque</strong></span> <span class='ocrx_word' id='word_1_31' title='bbox 756 1142 926 1224; x_wconf 91' lang='lat' dir='ltr'><strong>gloriosum</strong></span> <span class='ocrx_word' id='word_1_32' title='bbox 955 1162 1024 1206; x_wconf 92' lang='lat' dir='ltr'><strong>cum</strong></span> <span class='ocrx_word' id='word_1_33' title='bbox 1054 1162 1159 1209; x_wconf 87' lang='lat' dir='ltr'><strong>rerum</strong></span> <span class='ocrx_word' id='word_1_34' title='bbox 1182 1152 1290 1208; x_wconf 87' lang='lat' dir='ltr'><strong>natura</strong></span> <span class='ocrx_word' id='word_1_35' title='bbox 1314 1153 1473 1209; x_wconf 88' lang='lat' dir='ltr'><strong>certamen</strong></span> <span class='ocrx_word' id='word_1_36' title='bbox 1497 1144 1609 1223; x_wconf 84' lang='lat' dir='ltr'><strong>hahuit,</strong></span> 
     </span>
     <span class='ocr_line' id='line_1_6' title="bbox 458 1249 1609 1334; baseline 0 -20"><span class='ocrx_word' id='word_1_37' title='bbox 458 1258 519 1314; x_wconf 90' lang='lat' dir='ltr'><strong>tam</strong></span> <span class='ocrx_word' id='word_1_38' title='bbox 544 1249 681 1331; x_wconf 88' lang='lat' dir='ltr'><strong>benigne</strong></span> <span class='ocrx_word' id='word_1_39' title='bbox 703 1249 828 1311; x_wconf 82' lang='lat' dir='ltr'><strong>mirilico</strong></span> <span class='ocrx_word' id='word_1_40' title='bbox 851 1249 893 1311; x_wconf 91' lang='lat' dir='ltr'><strong>illi</strong></span> <span class='ocrx_word' id='word_1_41' title='bbox 918 1268 1014 1330; x_wconf 91' lang='lat' dir='ltr'><strong>opera</strong></span> <span class='ocrx_word' id='word_1_42' title='bbox 1038 1268 1094 1313; x_wconf 89' lang='lat' dir='ltr'><strong>sua</strong></span> <span class='ocrx_word' id='word_1_43' title='bbox 1113 1249 1307 1334; x_wconf 87' lang='lat' dir='ltr'><strong>exhibendo,</strong></span> <span class='ocrx_word' id='word_1_44' title='bbox 1343 1269 1434 1333; x_wconf 89' lang='lat' dir='ltr'><strong>qnam</strong></span> <span class='ocrx_word' id='word_1_45' title='bbox 1457 1250 1508 1314; x_wconf 90' lang='lat' dir='ltr'><strong>illa</strong></span> <span class='ocrx_word' id='word_1_46' title='bbox 1532 1268 1609 1333; x_wconf 89' lang='lat' dir='ltr'><strong>ope-</strong></span> 
     </span>
     <span class='ocr_line' id='line_1_7' title="bbox 458 1355 1608 1439; baseline 0.001 -19"><span class='ocrx_word' id='word_1_47' title='bbox 458 1357 543 1432; x_wconf 85' lang='lat' dir='ltr'><strong>ribus</strong></span> <span class='ocrx_word' id='word_1_48' title='bbox 558 1358 625 1420; x_wconf 90' lang='lat' dir='ltr'><strong>eius</strong></span> <span class='ocrx_word' id='word_1_49' title='bbox 638 1365 778 1437; x_wconf 91' lang='lat' dir='ltr'><strong>tempora</strong></span> <span class='ocrx_word' id='word_1_50' title='bbox 794 1355 965 1420; x_wconf 79' lang='lat' dir='ltr'><strong>liberaliter</strong></span> <span class='ocrx_word' id='word_1_51' title='bbox 981 1356 1252 1421; x_wconf 86' lang='lat' dir='ltr'><strong>subministrando.</strong></span> <span class='ocrx_word' id='word_1_52' title='bbox 1296 1360 1403 1439; x_wconf 88' lang='lat' dir='ltr'><strong>Prope</strong></span> <span class='ocrx_word' id='word_1_53' title='bbox 1426 1358 1509 1421; x_wconf 88' lang='lat' dir='ltr'><strong>enirn</strong></span> <span class='ocrx_word' id='word_1_54' title='bbox 1532 1377 1608 1423; x_wconf 88' lang='lat' dir='ltr'><strong>cea·</strong></span> 
     </span>
     <span class='ocr_line' id='line_1_8' title="bbox 458 1462 1608 1544; baseline 0.002 -19"><span class='ocrx_word' id='word_1_55' title='bbox 458 1464 599 1527; x_wconf 89' lang='lat' dir='ltr'><strong>tesimum</strong></span> <span class='ocrx_word' id='word_1_56' title='bbox 623 1476 734 1525; x_wconf 88' lang='lat' dir='ltr'><strong>annum</strong></span> <span class='ocrx_word' id='word_1_57' title='bbox 759 1462 873 1544; x_wconf 88' lang='lat' dir='ltr'><strong>attigit,</strong></span> <span class='ocrx_word' id='word_1_58' title='bbox 909 1462 966 1525; x_wconf 82' lang='lat' dir='ltr'><strong>sul)</strong></span> <span class='ocrx_word' id='word_1_59' title='bbox 989 1464 1087 1544; x_wconf 91' lang='lat' dir='ltr'><strong>ipsum</strong></span> <span class='ocrx_word' id='word_1_60' title='bbox 1110 1465 1270 1526; x_wconf 78' lang='lat' dir='ltr'><strong>transitum</strong></span> <span class='ocrx_word' id='word_1_61' title='bbox 1294 1464 1332 1527; x_wconf 89' lang='lat' dir='ltr'><strong>ad</strong></span> <span class='ocrx_word' id='word_1_62' title='bbox 1356 1470 1487 1527; x_wconf 90' lang='lat' dir='ltr'><strong>mortem</strong></span> <span class='ocrx_word' id='word_1_63' title='bbox 1511 1464 1608 1529; x_wconf 85' lang='lat' dir='ltr'><strong>Oedi-</strong></span> 
     </span>
     <span class='ocr_line' id='line_1_9' title="bbox 458 1568 1607 1653; baseline 0.002 -20"><span class='ocrx_word' id='word_1_64' title='bbox 458 1570 541 1653; x_wconf 92' lang='lat' dir='ltr'><strong>pode</strong></span> <span class='ocrx_word' id='word_1_65' title='bbox 565 1569 705 1633; x_wconf 83' lang='lat' dir='ltr'><strong>colomeo</strong></span> <span class='ocrx_word' id='word_1_66' title='bbox 729 1568 855 1649; x_wconf 87' lang='lat' dir='ltr'><strong>scripto.</strong></span> <span class='ocrx_word' id='word_1_67' title='bbox 913 1570 979 1644; x_wconf 81' lang='lat' dir='ltr'><strong>Qua</strong></span> <span class='ocrx_word' id='word_1_68' title='bbox 1003 1568 1071 1633; x_wconf 83' lang='lat' dir='ltr'><strong>sola</strong></span> <span class='ocrx_word' id='word_1_69' title='bbox 1092 1569 1195 1633; x_wconf 83' lang='lat' dir='ltr'><strong>tabula</strong></span> <span class='ocrx_word' id='word_1_70' title='bbox 1222 1573 1355 1633; x_wconf 90' lang='lat' dir='ltr'><strong>omnium</strong></span> <span class='ocrx_word' id='word_1_71' title='bbox 1379 1572 1520 1635; x_wconf 88' lang='lat' dir='ltr'><strong>eiusdem</strong></span> <span class='ocrx_word' id='word_1_72' title='bbox 1542 1579 1607 1636; x_wconf 90' lang='lat' dir='ltr'><strong>stu·</strong></span> 
     </span>
     <span class='ocr_line' id='line_1_10' title="bbox 459 1677 1608 1762; baseline 0.002 -21"><span class='ocrx_word' id='word_1_73' title='bbox 459 1678 501 1742; x_wconf 91' lang='lat' dir='ltr'><strong>dii</strong></span> <span class='ocrx_word' id='word_1_74' title='bbox 534 1683 695 1759; x_wconf 88' lang='lat' dir='ltr'><strong>poetarum</strong></span> <span class='ocrx_word' id='word_1_75' title='bbox 723 1678 903 1758; x_wconf 82' lang='lat' dir='ltr'><strong>praeripere</strong></span> <span class='ocrx_word' id='word_1_76' title='bbox 929 1678 1061 1761; x_wconf 84' lang='lat' dir='ltr'><strong>gloriam</strong></span> <span class='ocrx_word' id='word_1_77' title='bbox 1086 1677 1193 1758; x_wconf 90' lang='lat' dir='ltr'><strong>potuit.</strong></span> <span class='ocrx_word' id='word_1_78' title='bbox 1251 1678 1349 1759; x_wconf 87' lang='lat' dir='ltr'><strong>ldque</strong></span> <span class='ocrx_word' id='word_1_79' title='bbox 1376 1680 1518 1762; x_wconf 86' lang='lat' dir='ltr'><strong>ignotum</strong></span> <span class='ocrx_word' id='word_1_80' title='bbox 1540 1698 1608 1745; x_wconf 88' lang='lat' dir='ltr'><strong>esso</strong></span> 
     </span>
     <span class='ocr_line' id='line_1_11' title="bbox 458 1782 1607 1868; baseline 0.001 -19"><span class='ocrx_word' id='word_1_81' title='bbox 458 1785 593 1868; x_wconf 91' lang='lat' dir='ltr'><strong>posteris</strong></span> <span class='ocrx_word' id='word_1_82' title='bbox 612 1784 690 1847; x_wconf 89' lang='lat' dir='ltr'><strong>lilius</strong></span> <span class='ocrx_word' id='word_1_83' title='bbox 714 1782 875 1865; x_wconf 76' lang='lat' dir='ltr'><strong>Sophoclis</strong></span> <span class='ocrx_word' id='word_1_84' title='bbox 898 1783 1015 1865; x_wconf 89' lang='lat' dir='ltr'><strong>lophon</strong></span> <span class='ocrx_word' id='word_1_85' title='bbox 1038 1785 1144 1868; x_wconf 89' lang='lat' dir='ltr'><strong>notuit,</strong></span> <span class='ocrx_word' id='word_1_86' title='bbox 1166 1784 1311 1865; x_wconf 90' lang='lat' dir='ltr'><strong>sepulcro</strong></span> <span class='ocrx_word' id='word_1_87' title='bbox 1333 1785 1429 1866; x_wconf 90' lang='lat' dir='ltr'><strong>patris</strong></span> <span class='ocrx_word' id='word_1_88' title='bbox 1452 1803 1534 1866; x_wconf 87' lang='lat' dir='ltr'><strong>quae</strong></span> <span class='ocrx_word' id='word_1_89' title='bbox 1554 1805 1607 1850; x_wconf 92' lang='lat' dir='ltr'><strong>re·</strong></span> 
     </span>
     <span class='ocr_line' id='line_1_12' title="bbox 459 1889 1607 1975; baseline 0 -20"><span class='ocrx_word' id='word_1_90' title='bbox 459 1891 512 1955; x_wconf 93' lang='lat' dir='ltr'><strong>tuli</strong></span> <span class='ocrx_word' id='word_1_91' title='bbox 535 1889 770 1972; x_wconf 87' lang='lat' dir='ltr'><strong>insculpendo.“</strong></span> <span class='ocrx_word' id='word_1_92' title='bbox 814 1889 907 1971; x_wconf 84' lang='lat' dir='ltr'><strong>Atqui</strong></span> <span class='ocrx_word' id='word_1_93' title='bbox 930 1889 960 1953; x_wconf 92' lang='lat' dir='ltr'><strong>id</strong></span> <span class='ocrx_word' id='word_1_94' title='bbox 983 1889 1082 1971; x_wconf 89' lang='lat' dir='ltr'><strong>ipsum</strong></span> <span class='ocrx_word' id='word_1_95' title='bbox 1105 1891 1145 1954; x_wconf 94' lang='lat' dir='ltr'><strong>de</strong></span> <span class='ocrx_word' id='word_1_96' title='bbox 1167 1907 1229 1971; x_wconf 94' lang='lat' dir='ltr'><strong>quo</strong></span> <span class='ocrx_word' id='word_1_97' title='bbox 1252 1889 1607 1975; x_wconf 89' lang='lat' dir='ltr'><strong>hoclocodiciturepi-</strong></span> 
     </span>
     <span class='ocr_line' id='line_1_13' title="bbox 458 1996 1607 2081; baseline 0.002 -21"><span class='ocrx_word' id='word_1_98' title='bbox 458 1998 592 2079; x_wconf 90' lang='lat' dir='ltr'><strong>taphium</strong></span> <span class='ocrx_word' id='word_1_99' title='bbox 617 1998 706 2061; x_wconf 87' lang='lat' dir='ltr'><strong>uobis</strong></span> <span class='ocrx_word' id='word_1_100' title='bbox 727 2004 882 2061; x_wconf 89' lang='lat' dir='ltr'><strong>servatum</strong></span> <span class='ocrx_word' id='word_1_101' title='bbox 913 2004 960 2062; x_wconf 89' lang='lat' dir='ltr'><strong>est</strong></span> <span class='ocrx_word' id='word_1_102' title='bbox 989 1998 1020 2059; x_wconf 89' lang='lat' dir='ltr'><strong>in</strong></span> <span class='ocrx_word' id='word_1_103' title='bbox 1043 1998 1106 2061; x_wconf 90' lang='lat' dir='ltr'><strong>vita</strong></span> <span class='ocrx_word' id='word_1_104' title='bbox 1130 1996 1293 2079; x_wconf 88' lang='lat' dir='ltr'><strong>Sophoclis</strong></span> <span class='ocrx_word' id='word_1_105' title='bbox 1317 1996 1345 2080; x_wconf 63' lang='grc' dir='ltr'><strong>ξ.</strong></span> <span class='ocrx_word' id='word_1_106' title='bbox 1373 1996 1427 2062; x_wconf 85' lang='grc' dir='ltr'><strong>1οε</strong></span> <span class='ocrx_word' id='word_1_107' title='bbox 1461 2002 1545 2081; x_wconf 75' lang='grc' dir='ltr'><strong><em>φασὶ</em></strong></span> <span class='ocrx_word' id='word_1_108' title='bbox 1574 1998 1607 2062; x_wconf 90' lang='lat' dir='ltr'><strong>d&#39;</strong></span> 
     </span>
     <span class='ocr_line' id='line_1_14' title="bbox 458 2098 1122 2189; baseline -0.005 -22"><span class='ocrx_word' id='word_1_109' title='bbox 458 2101 702 2189; x_wconf 72' lang='grc' dir='ltr'><strong>ἐπιγεγράφθαι</strong></span> <span class='ocrx_word' id='word_1_110' title='bbox 723 2106 767 2189; x_wconf 75' lang='grc' dir='ltr'><strong>τῷ</strong></span> <span class='ocrx_word' id='word_1_111' title='bbox 788 2102 891 2165; x_wconf 67' lang='grc' dir='ltr'><strong><em>αὐτοῦ</em></strong></span> <span class='ocrx_word' id='word_1_112' title='bbox 912 2101 1005 2188; x_wconf 76' lang='grc' dir='ltr'><strong>τάφῳ</strong></span> <span class='ocrx_word' id='word_1_113' title='bbox 1028 2098 1122 2164; x_wconf 77' lang='lat' dir='ltr'><strong>ca&#39;ds·</strong></span> 
     </span>
     <span class='ocr_line' id='line_1_15' title="bbox 589 2206 1440 2295; baseline 0.004 -24"><span class='ocrx_word' id='word_1_114' title='bbox 589 2206 718 2294; x_wconf 80' lang='grc' dir='ltr'><strong><em>κρύπτω</em></strong></span> <span class='ocrx_word' id='word_1_115' title='bbox 741 2206 823 2295; x_wconf 79' lang='lat' dir='ltr'><strong>cqide</strong></span> <span class='ocrx_word' id='word_1_116' title='bbox 844 2207 937 2295; x_wconf 76' lang='grc' dir='ltr'><strong>τάφῳ</strong></span> <span class='ocrx_word' id='word_1_117' title='bbox 959 2207 1113 2293; x_wconf 60' lang='lat' dir='ltr'><strong>leporii</strong></span> <span class='ocrx_word' id='word_1_118' title='bbox 1133 2217 1275 2293; x_wconf 72' lang='grc' dir='ltr'><strong><em>πραπτα</em></strong></span> <span class='ocrx_word' id='word_1_119' title='bbox 1297 2207 1440 2291; x_wconf 74' lang='grc' dir='ltr'><strong><em>λαβόντα</em></strong></span> 
     </span>
     <span class='ocr_line' id='line_1_16' title="bbox 587 2312 1309 2404; baseline 0.003 -27"><span class='ocrx_word' id='word_1_120' title='bbox 587 2317 624 2404; x_wconf 75' lang='grc' dir='ltr'><strong>τῇ</strong></span> <span class='ocrx_word' id='word_1_121' title='bbox 645 2316 775 2404; x_wconf 77' lang='grc' dir='ltr'><strong><em>τραγικῇ</em></strong></span> <span class='ocrx_word' id='word_1_122' title='bbox 798 2314 900 2403; x_wconf 70' lang='grc' dir='ltr'><strong><em>τέχνῃ,</em></strong></span> <span class='ocrx_word' id='word_1_123' title='bbox 922 2316 1028 2398; x_wconf 78' lang='grc' dir='ltr'><strong><em>σχῆμα</em></strong></span> <span class='ocrx_word' id='word_1_124' title='bbox 1049 2312 1083 2377; x_wconf 79' lang='grc' dir='ltr'><strong>τό</strong></span> <span class='ocrx_word' id='word_1_125' title='bbox 1106 2312 1309 2396; x_wconf 73' lang='grc' dir='ltr'><strong><em>σεμνότατον.</em></strong></span> 
     </span>
    </p>

    <p class='ocr_par' dir='ltr' id='par_1_4' title="bbox 434 2420 1610 3469">
     <span class='ocr_line' id='line_1_17' title="bbox 458 2420 1610 2506; baseline 0.001 -20"><span class='ocrx_word' id='word_1_126' title='bbox 458 2423 524 2487; x_wconf 91' lang='lat' dir='ltr'><strong>Nec</strong></span> <span class='ocrx_word' id='word_1_127' title='bbox 548 2424 613 2486; x_wconf 90' lang='lat' dir='ltr'><strong>veri</strong></span> <span class='ocrx_word' id='word_1_128' title='bbox 648 2423 794 2486; x_wconf 83' lang='lat' dir='ltr'><strong>dissimile</strong></span> <span class='ocrx_word' id='word_1_129' title='bbox 817 2428 880 2506; x_wconf 89' lang='lat' dir='ltr'><strong>est,</strong></span> <span class='ocrx_word' id='word_1_130' title='bbox 912 2422 997 2504; x_wconf 94' lang='lat' dir='ltr'><strong>quod</strong></span> <span class='ocrx_word' id='word_1_131' title='bbox 1019 2420 1173 2505; x_wconf 87' lang='lat' dir='ltr'><strong>Berglrius</strong></span> <span class='ocrx_word' id='word_1_132' title='bbox 1205 2422 1256 2485; x_wconf 94' lang='lat' dir='ltr'><strong>illo</strong></span> <span class='ocrx_word' id='word_1_133' title='bbox 1287 2422 1359 2486; x_wconf 90' lang='lat' dir='ltr'><strong>loeo</strong></span> <span class='ocrx_word' id='word_1_134' title='bbox 1382 2421 1519 2506; x_wconf 76' lang='lat' dir='ltr'><strong>allato²l</strong></span> <span class='ocrx_word' id='word_1_135' title='bbox 1536 2423 1610 2488; x_wconf 90' lang='lat' dir='ltr'><strong>dicit</strong></span> 
     </span>
     <span class='ocr_line' id='line_1_18' title="bbox 459 2528 1610 2613; baseline 0 -21"><span class='ocrx_word' id='word_1_136' title='bbox 459 2549 521 2593; x_wconf 90' lang='lat' dir='ltr'><strong>non</strong></span> <span class='ocrx_word' id='word_1_137' title='bbox 546 2530 644 2594; x_wconf 85' lang='lat' dir='ltr'><strong>rideri</strong></span> <span class='ocrx_word' id='word_1_138' title='bbox 659 2531 847 2613; x_wconf 83' lang='lat' dir='ltr'><strong>epigramma</strong></span> <span class='ocrx_word' id='word_1_139' title='bbox 859 2531 1011 2612; x_wconf 89' lang='lat' dir='ltr'><strong>integrum</strong></span> <span class='ocrx_word' id='word_1_140' title='bbox 1024 2536 1190 2612; x_wconf 87' lang='lat' dir='ltr'><strong>servatum,</strong></span> <span class='ocrx_word' id='word_1_141' title='bbox 1212 2528 1366 2591; x_wconf 87' lang='lat' dir='ltr'><strong>excidisse</strong></span> <span class='ocrx_word' id='word_1_142' title='bbox 1378 2529 1610 2612; x_wconf 84' lang='lat' dir='ltr'><strong>potiusaliquot</strong></span> 
     </span>
     <span class='ocr_line' id='line_1_19' title="bbox 458 2633 1607 2721; baseline 0.001 -22"><span class='ocrx_word' id='word_1_143' title='bbox 458 2655 576 2721; x_wconf 85' lang='lat' dir='ltr'><strong>versus,</strong></span> <span class='ocrx_word' id='word_1_144' title='bbox 598 2638 628 2699; x_wconf 89' lang='lat' dir='ltr'><strong>iu</strong></span> <span class='ocrx_word' id='word_1_145' title='bbox 652 2637 764 2718; x_wconf 89' lang='lat' dir='ltr'><strong>quihus</strong></span> <span class='ocrx_word' id='word_1_146' title='bbox 774 2633 944 2716; x_wconf 90' lang='lat' dir='ltr'><strong>Oedipodis</strong></span> <span class='ocrx_word' id='word_1_147' title='bbox 957 2634 1086 2698; x_wconf 85' lang='lat' dir='ltr'><strong>Colonei</strong></span> <span class='ocrx_word' id='word_1_148' title='bbox 1109 2633 1218 2699; x_wconf 91' lang='lat' dir='ltr'><strong>laudes</strong></span> <span class='ocrx_word' id='word_1_149' title='bbox 1231 2634 1478 2699; x_wconf 76' lang='lat' dir='ltr'><strong>celebrarentur.</strong></span> <span class='ocrx_word' id='word_1_150' title='bbox 1518 2636 1607 2710; x_wconf 84' lang='lat' dir='ltr'><strong>Ouod</strong></span> 
     </span>
     <span class='ocr_line' id='line_1_20' title="bbox 457 2741 1607 2825; baseline 0.001 -19"><span class='ocrx_word' id='word_1_151' title='bbox 457 2750 544 2807; x_wconf 89' lang='lat' dir='ltr'><strong>recte</strong></span> <span class='ocrx_word' id='word_1_152' title='bbox 567 2763 636 2806; x_wconf 90' lang='lat' dir='ltr'><strong>eum</strong></span> <span class='ocrx_word' id='word_1_153' title='bbox 659 2743 833 2806; x_wconf 89' lang='lat' dir='ltr'><strong>coniecisse</strong></span> <span class='ocrx_word' id='word_1_154' title='bbox 858 2760 898 2804; x_wconf 88' lang='lat' dir='ltr'><strong>ex</strong></span> <span class='ocrx_word' id='word_1_155' title='bbox 919 2741 1044 2805; x_wconf 89' lang='lat' dir='ltr'><strong>Valerio</strong></span> <span class='ocrx_word' id='word_1_156' title='bbox 1069 2748 1211 2825; x_wconf 88' lang='lat' dir='ltr'><strong>apparet,</strong></span> <span class='ocrx_word' id='word_1_157' title='bbox 1239 2742 1345 2822; x_wconf 89' lang='lat' dir='ltr'><strong>quiid</strong></span> <span class='ocrx_word' id='word_1_158' title='bbox 1368 2743 1466 2823; x_wconf 89' lang='lat' dir='ltr'><strong>ipsum</strong></span> <span class='ocrx_word' id='word_1_159' title='bbox 1491 2742 1529 2806; x_wconf 88' lang='lat' dir='ltr'><strong>ab</strong></span> <span class='ocrx_word' id='word_1_160' title='bbox 1553 2743 1607 2807; x_wconf 92' lang='lat' dir='ltr'><strong>lo-</strong></span> 
     </span>
     <span class='ocr_line' id='line_1_21' title="bbox 457 2850 1608 2933; baseline 0 -19"><span class='ocrx_word' id='word_1_161' title='bbox 457 2851 574 2933; x_wconf 91' lang='lat' dir='ltr'><strong>phonte</strong></span> <span class='ocrx_word' id='word_1_162' title='bbox 597 2851 743 2933; x_wconf 89' lang='lat' dir='ltr'><strong>sepulcro</strong></span> <span class='ocrx_word' id='word_1_163' title='bbox 763 2852 858 2932; x_wconf 86' lang='lat' dir='ltr'><strong>patris</strong></span> <span class='ocrx_word' id='word_1_164' title='bbox 881 2850 1059 2930; x_wconf 88' lang='lat' dir='ltr'><strong>inscriptum</strong></span> <span class='ocrx_word' id='word_1_165' title='bbox 1084 2867 1155 2912; x_wconf 87' lang='lat' dir='ltr'><strong>esse</strong></span> <span class='ocrx_word' id='word_1_166' title='bbox 1175 2856 1293 2926; x_wconf 88' lang='lat' dir='ltr'><strong>narrat;</strong></span> <span class='ocrx_word' id='word_1_167' title='bbox 1317 2855 1348 2912; x_wconf 89' lang='lat' dir='ltr'><strong>at</strong></span> <span class='ocrx_word' id='word_1_168' title='bbox 1372 2851 1412 2913; x_wconf 89' lang='lat' dir='ltr'><strong>oh</strong></span> <span class='ocrx_word' id='word_1_169' title='bbox 1436 2867 1504 2911; x_wconf 88' lang='lat' dir='ltr'><strong>eam</strong></span> <span class='ocrx_word' id='word_1_170' title='bbox 1528 2869 1608 2914; x_wconf 88' lang='lat' dir='ltr'><strong>cau-</strong></span> 
     </span>
     <span class='ocr_line' id='line_1_22' title="bbox 434 2955 1607 3041; baseline -0.002 -19"><span class='ocrx_word' id='word_1_171' title='bbox 434 2961 522 3022; x_wconf 86' lang='lat' dir='ltr'><strong>¹sam</strong></span> <span class='ocrx_word' id='word_1_172' title='bbox 547 2958 606 3022; x_wconf 91' lang='lat' dir='ltr'><strong>dici</strong></span> <span class='ocrx_word' id='word_1_173' title='bbox 629 2976 691 3021; x_wconf 90' lang='lat' dir='ltr'><strong>non</strong></span> <span class='ocrx_word' id='word_1_174' title='bbox 713 2964 818 3040; x_wconf 87' lang='lat' dir='ltr'><strong>potest</strong></span> <span class='ocrx_word' id='word_1_175' title='bbox 846 2957 877 3019; x_wconf 92' lang='lat' dir='ltr'><strong>in</strong></span> <span class='ocrx_word' id='word_1_176' title='bbox 900 2959 1121 3041; x_wconf 88' lang='lat' dir='ltr'><strong>epigrammate</strong></span> <span class='ocrx_word' id='word_1_177' title='bbox 1144 2956 1234 3019; x_wconf 90' lang='lat' dir='ltr'><strong>etiam</strong></span> <span class='ocrx_word' id='word_1_178' title='bbox 1258 2956 1297 3019; x_wconf 93' lang='lat' dir='ltr'><strong>de</strong></span> <span class='ocrx_word' id='word_1_179' title='bbox 1319 2955 1441 3038; x_wconf 86' lang='lat' dir='ltr'><strong>Oedipo</strong></span> <span class='ocrx_word' id='word_1_180' title='bbox 1464 2957 1607 3022; x_wconf 65' lang='lat' dir='ltr'><strong>(toloneo</strong></span> 
     </span>
     <span class='ocr_line' id='line_1_23' title="bbox 459 3063 1607 3149; baseline 0 -21"><span class='ocrx_word' id='word_1_181' title='bbox 459 3065 700 3149; x_wconf 89' lang='lat' dir='ltr'><strong>aSophocle</strong></span> <span class='ocrx_word' id='word_1_182' title='bbox 734 3064 802 3128; x_wconf 94' lang='lat' dir='ltr'><strong>sub</strong></span> <span class='ocrx_word' id='word_1_183' title='bbox 830 3065 952 3145; x_wconf 90' lang='lat' dir='ltr'><strong>ipsum</strong></span> <span class='ocrx_word' id='word_1_184' title='bbox 984 3064 1197 3127; x_wconf 86' lang='lat' dir='ltr'><strong>transitum</strong></span> <span class='ocrx_word' id='word_1_185' title='bbox 1231 3063 1274 3126; x_wconf 89' lang='lat' dir='ltr'><strong>ad</strong></span> <span class='ocrx_word' id='word_1_186' title='bbox 1309 3070 1470 3126; x_wconf 90' lang='lat' dir='ltr'><strong>mortem</strong></span> <span class='ocrx_word' id='word_1_187' title='bbox 1494 3067 1607 3147; x_wconf 82' lang='lat' dir='ltr'><strong>scripta</strong></span> 
     </span>
     <span class='ocr_line' id='line_1_24' title="bbox 459 3165 1607 3256; baseline 0 -20"><span class='ocrx_word' id='word_1_188' title='bbox 459 3190 635 3236; x_wconf 88' lang='lat' dir='ltr'><strong>sermonem</strong></span> <span class='ocrx_word' id='word_1_189' title='bbox 658 3165 763 3236; x_wconf 86' lang='lat' dir='ltr'><strong>luisse.</strong></span> <span class='ocrx_word' id='word_1_190' title='bbox 808 3169 910 3235; x_wconf 87' lang='lat' dir='ltr'><strong>Verba</strong></span> <span class='ocrx_word' id='word_1_191' title='bbox 924 3171 1016 3255; x_wconf 85' lang='lat' dir='ltr'><strong>enim,</strong></span> <span class='ocrx_word' id='word_1_192' title='bbox 1040 3189 1120 3252; x_wconf 93' lang='lat' dir='ltr'><strong>quae</strong></span> <span class='ocrx_word' id='word_1_193' title='bbox 1138 3178 1209 3234; x_wconf 90' lang='lat' dir='ltr'><strong>sunt</strong></span> <span class='ocrx_word' id='word_1_194' title='bbox 1224 3168 1304 3251; x_wconf 92' lang='lat' dir='ltr'><strong>apud</strong></span> <span class='ocrx_word' id='word_1_195' title='bbox 1318 3169 1472 3234; x_wconf 82' lang='lat' dir='ltr'><strong>Valerium</strong></span> <span class='ocrx_word' id='word_1_196' title='bbox 1491 3190 1607 3256; x_wconf 88' lang='lat' dir='ltr'><strong>„quae</strong></span> 
     </span>
     <span class='ocr_line' id='line_1_25' title="bbox 458 3276 1607 3359; baseline 0.001 -17"><span class='ocrx_word' id='word_1_197' title='bbox 458 3278 601 3342; x_wconf 89' lang='lat' dir='ltr'><strong>retuli“</strong></span> <span class='ocrx_word' id='word_1_198' title='bbox 624 3279 662 3342; x_wconf 92' lang='lat' dir='ltr'><strong>ad</strong></span> <span class='ocrx_word' id='word_1_199' title='bbox 687 3278 762 3341; x_wconf 91' lang='lat' dir='ltr'><strong>nihil</strong></span> <span class='ocrx_word' id='word_1_200' title='bbox 784 3277 864 3342; x_wconf 91' lang='lat' dir='ltr'><strong>aliud</strong></span> <span class='ocrx_word' id='word_1_201' title='bbox 879 3276 1056 3341; x_wconf 80' lang='lat' dir='ltr'><strong>referantur</strong></span> <span class='ocrx_word' id='word_1_202' title='bbox 1078 3293 1209 3340; x_wconf 87' lang='lat' dir='ltr'><strong>necesse</strong></span> <span class='ocrx_word' id='word_1_203' title='bbox 1234 3277 1361 3340; x_wconf 86' lang='lat' dir='ltr'><strong>est&#39;nisi</strong></span> <span class='ocrx_word' id='word_1_204' title='bbox 1384 3295 1424 3341; x_wconf 91' lang='lat' dir='ltr'><strong>eo</strong></span> <span class='ocrx_word' id='word_1_205' title='bbox 1445 3278 1529 3359; x_wconf 95' lang='lat' dir='ltr'><strong>quod</strong></span> <span class='ocrx_word' id='word_1_206' title='bbox 1543 3278 1607 3343; x_wconf 91' lang='lat' dir='ltr'><strong>So-</strong></span> 
     </span>
     <span class='ocr_line' id='line_1_26' title="bbox 458 3382 1607 3469; baseline 0 -21"><span class='ocrx_word' id='word_1_207' title='bbox 458 3385 586 3469; x_wconf 90' lang='lat' dir='ltr'><strong>phocles</strong></span> <span class='ocrx_word' id='word_1_208' title='bbox 610 3385 669 3448; x_wconf 87' lang='lat' dir='ltr'><strong>hee</strong></span> <span class='ocrx_word' id='word_1_209' title='bbox 691 3385 755 3449; x_wconf 88' lang='lat' dir='ltr'><strong>sola</strong></span> <span class='ocrx_word' id='word_1_210' title='bbox 778 3383 880 3446; x_wconf 80' lang='lat' dir='ltr'><strong>fabula</strong></span> <span class='ocrx_word' id='word_1_211' title='bbox 903 3383 1037 3446; x_wconf 85' lang='lat' dir='ltr'><strong>omniurn</strong></span> <span class='ocrx_word' id='word_1_212' title='bbox 1069 3382 1205 3445; x_wconf 89' lang='lat' dir='ltr'><strong>eiusdem</strong></span> <span class='ocrx_word' id='word_1_213' title='bbox 1233 3382 1326 3445; x_wconf 89' lang='lat' dir='ltr'><strong>studii</strong></span> <span class='ocrx_word' id='word_1_214' title='bbox 1348 3391 1507 3463; x_wconf 90' lang='lat' dir='ltr'><strong>poetarum</strong></span> <span class='ocrx_word' id='word_1_215' title='bbox 1531 3385 1607 3468; x_wconf 90' lang='lat' dir='ltr'><strong>glo·</strong></span> 
     </span>
    </p>
   </div>
   <div class='ocr_carea' id='block_1_4' title="bbox 361 3489 1606 3576">
    <p class='ocr_par' dir='ltr' id='par_1_5' title="bbox 361 3489 1606 3576">
     <span class='ocr_line' id='line_1_27' title="bbox 361 3489 1606 3576; baseline -0.001 -19"><span class='ocrx_word' id='word_1_216' title='bbox 361 3522 367 3535; x_wconf 94' lang='lat'><strong>·</strong></span> <span class='ocrx_word' id='word_1_217' title='bbox 457 3495 532 3557; x_wconf 87' lang='lat' dir='ltr'><strong>riam</strong></span> <span class='ocrx_word' id='word_1_218' title='bbox 555 3492 764 3576; x_wconf 88' lang='lat' dir='ltr'><strong>praeripuisse</strong></span> <span class='ocrx_word' id='word_1_219' title='bbox 788 3490 908 3554; x_wconf 90' lang='lat' dir='ltr'><strong>dicitur.</strong></span> <span class='ocrx_word' id='word_1_220' title='bbox 969 3490 1076 3572; x_wconf 89' lang='lat' dir='ltr'><strong>ltaque</strong></span> <span class='ocrx_word' id='word_1_221' title='bbox 1109 3489 1171 3554; x_wconf 91' lang='lat' dir='ltr'><strong>hoc</strong></span> <span class='ocrx_word' id='word_1_222' title='bbox 1205 3490 1277 3553; x_wconf 90' lang='lat' dir='ltr'><strong>loco</strong></span> <span class='ocrx_word' id='word_1_223' title='bbox 1308 3508 1369 3553; x_wconf 94' lang='lat' dir='ltr'><strong>non</strong></span> <span class='ocrx_word' id='word_1_224' title='bbox 1393 3491 1492 3574; x_wconf 87' lang='lat' dir='ltr'><strong>magis</strong></span> <span class='ocrx_word' id='word_1_225' title='bbox 1515 3510 1606 3573; x_wconf 88' lang='lat' dir='ltr'><strong>quam</strong></span> 
     </span>
    </p>
   </div>
   <div class='ocr_carea' id='block_1_5' title="bbox 457 3597 1607 4002">
    <p class='ocr_par' dir='ltr' id='par_1_6' title="bbox 457 3597 1607 4002">
     <span class='ocr_line' id='line_1_28' title="bbox 458 3597 1607 3680; baseline -0.003 -15"><span class='ocrx_word' id='word_1_226' title='bbox 458 3601 569 3665; x_wconf 89' lang='lat' dir='ltr'><strong>ceteris</strong></span> <span class='ocrx_word' id='word_1_227' title='bbox 592 3599 649 3663; x_wconf 91' lang='lat' dir='ltr'><strong>illis</strong></span> <span class='ocrx_word' id='word_1_228' title='bbox 673 3599 889 3680; x_wconf 89' lang='lat' dir='ltr'><strong>comprobatur</strong></span> <span class='ocrx_word' id='word_1_229' title='bbox 911 3597 991 3678; x_wconf 88' lang='lat' dir='ltr'><strong>apud</strong></span> <span class='ocrx_word' id='word_1_230' title='bbox 1014 3604 1140 3661; x_wconf 91' lang='lat' dir='ltr'><strong>veteres</strong></span> <span class='ocrx_word' id='word_1_231' title='bbox 1147 3647 1156 3680; x_wconf 88' lang='lat'><em>‚</em></span> <span class='ocrx_word' id='word_1_232' title='bbox 1189 3615 1259 3659; x_wconf 92' lang='lat' dir='ltr'><strong>cum</strong></span> <span class='ocrx_word' id='word_1_233' title='bbox 1280 3603 1400 3677; x_wconf 90' lang='lat' dir='ltr'><strong>tempus</strong></span> <span class='ocrx_word' id='word_1_234' title='bbox 1421 3598 1607 3679; x_wconf 86' lang='lat' dir='ltr'><strong>tragoediae</strong></span> 
     </span>
     <span class='ocr_line' id='line_1_29' title="bbox 457 3700 1606 3788; baseline -0.003 -15"><span class='ocrx_word' id='word_1_235' title='bbox 457 3715 602 3773; x_wconf 87' lang='lat' dir='ltr'><strong>accurate</strong></span> <span class='ocrx_word' id='word_1_236' title='bbox 627 3700 755 3769; x_wconf 88' lang='lat' dir='ltr'><strong>delinire</strong></span> <span class='ocrx_word' id='word_1_237' title='bbox 778 3723 842 3769; x_wconf 93' lang='lat' dir='ltr'><strong>non</strong></span> <span class='ocrx_word' id='word_1_238' title='bbox 862 3706 921 3770; x_wconf 89' lang='lat' dir='ltr'><strong>iam</strong></span> <span class='ocrx_word' id='word_1_239' title='bbox 944 3711 1088 3787; x_wconf 90' lang='lat' dir='ltr'><strong>possent,</strong></span> <span class='ocrx_word' id='word_1_240' title='bbox 1122 3703 1233 3768; x_wconf 83' lang='lat' dir='ltr'><strong>famam</strong></span> <span class='ocrx_word' id='word_1_241' title='bbox 1256 3721 1324 3767; x_wconf 90' lang='lat' dir='ltr'><strong>eam</strong></span> <span class='ocrx_word' id='word_1_242' title='bbox 1346 3704 1502 3788; x_wconf 84' lang='lat' dir='ltr'><strong>valuisse,</strong></span> <span class='ocrx_word' id='word_1_243' title='bbox 1531 3712 1566 3769; x_wconf 88' lang='lat' dir='ltr'><strong>ut</strong></span> <span class='ocrx_word' id='word_1_244' title='bbox 1589 3725 1606 3770; x_wconf 89' lang='lat' dir='ltr'><strong>a</strong></span> 
     </span>
     <span class='ocr_line' id='line_1_30' title="bbox 459 3810 1606 3897; baseline -0.001 -17"><span class='ocrx_word' id='word_1_245' title='bbox 459 3815 616 3897; x_wconf 89' lang='lat' dir='ltr'><strong>Sophocle</strong></span> <span class='ocrx_word' id='word_1_246' title='bbox 639 3831 716 3878; x_wconf 90' lang='lat' dir='ltr'><strong>sene</strong></span> <span class='ocrx_word' id='word_1_247' title='bbox 738 3811 795 3876; x_wconf 87' lang='lat' dir='ltr'><strong>sub</strong></span> <span class='ocrx_word' id='word_1_248' title='bbox 819 3814 900 3876; x_wconf 86' lang='lat' dir='ltr'><strong>uitae</strong></span> <span class='ocrx_word' id='word_1_249' title='bbox 930 3813 1045 3875; x_wconf 89' lang='lat' dir='ltr'><strong>exitum</strong></span> <span class='ocrx_word' id='word_1_250' title='bbox 1068 3811 1213 3892; x_wconf 86' lang='lat' dir='ltr'><strong>scriptam</strong></span> <span class='ocrx_word' id='word_1_251' title='bbox 1236 3828 1307 3875; x_wconf 92' lang='lat' dir='ltr'><strong>esse</strong></span> <span class='ocrx_word' id='word_1_252' title='bbox 1330 3810 1407 3874; x_wconf 86' lang='lat' dir='ltr'><strong>alter</strong></span> <span class='ocrx_word' id='word_1_253' title='bbox 1428 3817 1499 3891; x_wconf 86' lang='lat' dir='ltr'><strong>post</strong></span> <span class='ocrx_word' id='word_1_254' title='bbox 1521 3812 1606 3879; x_wconf 90' lang='lat' dir='ltr'><strong>alte-</strong></span> 
     </span>
     <span class='ocr_line' id='line_1_31' title="bbox 458 3917 935 4002; baseline -0.01 -17"><span class='ocrx_word' id='word_1_255' title='bbox 458 3941 525 3985; x_wconf 94' lang='lat' dir='ltr'><strong>rum</strong></span> <span class='ocrx_word' id='word_1_256' title='bbox 547 3921 717 3985; x_wconf 89' lang='lat' dir='ltr'><strong>memoriae</strong></span> <span class='ocrx_word' id='word_1_257' title='bbox 738 3918 888 4002; x_wconf 88' lang='lat' dir='ltr'><strong>proderet</strong></span> <span class='ocrx_word' id='word_1_258' title='bbox 901 3917 935 4002; x_wconf 83' lang='lat'><strong>⁵).</strong></span> 
     </span>
    </p>
   </div>
   <div class='ocr_carea' id='block_1_6' title="bbox 457 4066 1608 4878">
    <p class='ocr_par' dir='ltr' id='par_1_7' title="bbox 531 4066 779 4141">
     <span class='ocr_line' id='line_1_32' title="bbox 531 4066 779 4141; baseline -0.008 -18"><span class='ocrx_word' id='word_1_259' title='bbox 531 4069 557 4141; x_wconf 76' lang='lat' dir='ltr'><strong>l)</strong></span> <span class='ocrx_word' id='word_1_260' title='bbox 576 4066 605 4123; x_wconf 85' lang='lat' dir='ltr'><strong>L.</strong></span> <span class='ocrx_word' id='word_1_261' title='bbox 624 4086 649 4123; x_wconf 88' lang='lat' dir='ltr'><strong>c.</strong></span> <span class='ocrx_word' id='word_1_262' title='bbox 669 4086 696 4139; x_wconf 92' lang='lat' dir='ltr'><strong>p.</strong></span> <span class='ocrx_word' id='word_1_263' title='bbox 715 4069 779 4122; x_wconf 74' lang='lat'><strong>294.</strong></span> 
     </span>
    </p>

    <p class='ocr_par' dir='ltr' id='par_1_8' title="bbox 529 4158 934 4234">
     <span class='ocr_line' id='line_1_33' title="bbox 529 4158 934 4234; baseline -0.01 -15"><span class='ocrx_word' id='word_1_264' title='bbox 529 4161 558 4234; x_wconf 79' lang='lat'><strong>2)</strong></span> <span class='ocrx_word' id='word_1_265' title='bbox 577 4160 607 4215; x_wconf 75' lang='lat' dir='ltr'><strong>l.</strong></span> <span class='ocrx_word' id='word_1_266' title='bbox 627 4178 652 4216; x_wconf 90' lang='lat' dir='ltr'><strong>c.</strong></span> <span class='ocrx_word' id='word_1_267' title='bbox 671 4180 698 4233; x_wconf 92' lang='lat' dir='ltr'><strong>p.</strong></span> <span class='ocrx_word' id='word_1_268' title='bbox 718 4158 823 4227; x_wconf 84' lang='lat' dir='ltr'><strong>xxttt‚</strong></span> <span class='ocrx_word' id='word_1_269' title='bbox 842 4178 871 4215; x_wconf 88' lang='grc' dir='ltr'><strong>ιι.</strong></span> <span class='ocrx_word' id='word_1_270' title='bbox 890 4161 934 4215; x_wconf 85' lang='grc'><strong>97.</strong></span> 
     </span>
    </p>

    <p class='ocr_par' dir='ltr' id='par_1_9' title="bbox 457 4248 1608 4878">
     <span class='ocr_line' id='line_1_34' title="bbox 528 4248 1606 4322; baseline 0 -15"><span class='ocrx_word' id='word_1_271' title='bbox 528 4254 557 4322; x_wconf 82' lang='grc'><strong>3)</strong></span> <span class='ocrx_word' id='word_1_272' title='bbox 575 4251 677 4309; x_wconf 84' lang='lat' dir='ltr'><strong>Dicere</strong></span> <span class='ocrx_word' id='word_1_273' title='bbox 696 4251 742 4307; x_wconf 89' lang='lat' dir='ltr'><strong>hic</strong></span> <span class='ocrx_word' id='word_1_274' title='bbox 755 4268 811 4305; x_wconf 86' lang='lat' dir='ltr'><strong>non</strong></span> <span class='ocrx_word' id='word_1_275' title='bbox 829 4267 986 4322; x_wconf 84' lang='lat' dir='ltr'><strong>possumus,</strong></span> <span class='ocrx_word' id='word_1_276' title='bbox 1000 4251 1048 4322; x_wconf 88' lang='lat' dir='ltr'><strong>qui</strong></span> <span class='ocrx_word' id='word_1_277' title='bbox 1062 4268 1077 4304; x_wconf 82' lang='lat' dir='ltr'><strong>a</strong></span> <span class='ocrx_word' id='word_1_278' title='bbox 1089 4249 1202 4320; x_wconf 87' lang='lat' dir='ltr'><strong>longum</strong></span> <span class='ocrx_word' id='word_1_279' title='bbox 1215 4256 1258 4302; x_wconf 85' lang='lat' dir='ltr'><strong>eat</strong></span> <span class='ocrx_word' id='word_1_280' title='bbox 1270 4263 1361 4318; x_wconf 86' lang='lat' dir='ltr'><strong>neque</strong></span> <span class='ocrx_word' id='word_1_281' title='bbox 1372 4248 1486 4303; x_wconf 84' lang='lat' dir='ltr'><strong>multum</strong></span> <span class='ocrx_word' id='word_1_282' title='bbox 1495 4250 1531 4305; x_wconf 77' lang='lat' dir='ltr'><strong>ad</strong></span> <span class='ocrx_word' id='word_1_283' title='bbox 1546 4268 1606 4307; x_wconf 82' lang='lat' dir='ltr'><strong>reta</strong></span> 
     </span>
     <span class='ocr_line' id='line_1_35' title="bbox 457 4326 1608 4415; baseline -0.002 -16"><span class='ocrx_word' id='word_1_284' title='bbox 457 4353 580 4409; x_wconf 73' lang='lat' dir='ltr'><strong>nostram</strong></span> <span class='ocrx_word' id='word_1_285' title='bbox 600 4342 679 4409; x_wconf 82' lang='lat' dir='ltr'><strong>lacit,</strong></span> <span class='ocrx_word' id='word_1_286' title='bbox 706 4343 821 4398; x_wconf 90' lang='lat' dir='ltr'><strong>deloco</strong></span> <span class='ocrx_word' id='word_1_287' title='bbox 841 4343 888 4415; x_wconf 90' lang='lat' dir='ltr'><strong>qui</strong></span> <span class='ocrx_word' id='word_1_288' title='bbox 907 4352 996 4398; x_wconf 81' lang='lat' dir='ltr'><strong>exstat</strong></span> <span class='ocrx_word' id='word_1_289' title='bbox 1013 4342 1042 4396; x_wconf 89' lang='lat' dir='ltr'><strong>in</strong></span> <span class='ocrx_word' id='word_1_290' title='bbox 1062 4342 1116 4398; x_wconf 83' lang='lat' dir='ltr'><strong>rita</strong></span> <span class='ocrx_word' id='word_1_291' title='bbox 1135 4338 1283 4412; x_wconf 79' lang='lat' dir='ltr'><strong>Sophoclis</strong></span> <span class='ocrx_word' id='word_1_292' title='bbox 1303 4337 1334 4410; x_wconf 70' lang='lat' dir='ltr'><strong>S.</strong></span> <span class='ocrx_word' id='word_1_293' title='bbox 1353 4339 1387 4405; x_wconf 80' lang='grc'><strong>7,</strong></span> <span class='ocrx_word' id='word_1_294' title='bbox 1416 4326 1477 4411; x_wconf 74' lang='lat' dir='ltr'><strong>qna=</strong></span> <span class='ocrx_word' id='word_1_295' title='bbox 1489 4338 1608 4413; x_wconf 87' lang='lat' dir='ltr'><strong>Sepho-</strong></span> 
     </span>
     <span class='ocr_line' id='line_1_36' title="bbox 458 4429 1608 4507; baseline 0 -18"><span class='ocrx_word' id='word_1_296' title='bbox 458 4437 528 4490; x_wconf 89' lang='lat' dir='ltr'><strong>clem</strong></span> <span class='ocrx_word' id='word_1_297' title='bbox 548 4452 642 4490; x_wconf 88' lang='lat' dir='ltr'><strong>senem</strong></span> <span class='ocrx_word' id='word_1_298' title='bbox 662 4435 696 4488; x_wconf 84' lang='lat' dir='ltr'><strong>ab</strong></span> <span class='ocrx_word' id='word_1_299' title='bbox 716 4435 832 4501; x_wconf 83' lang='lat' dir='ltr'><strong>insania,</strong></span> <span class='ocrx_word' id='word_1_300' title='bbox 852 4452 923 4507; x_wconf 88' lang='lat' dir='ltr'><strong>quae</strong></span> <span class='ocrx_word' id='word_1_301' title='bbox 942 4435 976 4489; x_wconf 88' lang='lat' dir='ltr'><strong>ab</strong></span> <span class='ocrx_word' id='word_1_302' title='bbox 992 4434 1127 4506; x_wconf 85' lang='lat' dir='ltr'><strong>lophonte</strong></span> <span class='ocrx_word' id='word_1_303' title='bbox 1146 4434 1204 4488; x_wconf 90' lang='lat' dir='ltr'><strong>lilio</strong></span> <span class='ocrx_word' id='word_1_304' title='bbox 1224 4429 1332 4485; x_wconf 86' lang='lat' dir='ltr'><strong>crimini</strong></span> <span class='ocrx_word' id='word_1_305' title='bbox 1351 4431 1377 4485; x_wconf 91' lang='lat' dir='ltr'><strong>ei</strong></span> <span class='ocrx_word' id='word_1_306' title='bbox 1396 4430 1459 4486; x_wconf 82' lang='lat' dir='ltr'><strong>data</strong></span> <span class='ocrx_word' id='word_1_307' title='bbox 1477 4433 1522 4500; x_wconf 79' lang='lat' dir='ltr'><strong>ait,</strong></span> <span class='ocrx_word' id='word_1_308' title='bbox 1542 4431 1608 4491; x_wconf 90' lang='lat' dir='ltr'><strong>Oe·</strong></span> 
     </span>
     <span class='ocr_line' id='line_1_37' title="bbox 458 4523 1605 4600; baseline -0.001 -19"><span class='ocrx_word' id='word_1_309' title='bbox 458 4527 551 4600; x_wconf 90' lang='lat' dir='ltr'><strong>dipum</strong></span> <span class='ocrx_word' id='word_1_310' title='bbox 571 4525 725 4582; x_wconf 83' lang='lat' dir='ltr'><strong>Coloneum</strong></span> <span class='ocrx_word' id='word_1_311' title='bbox 743 4527 881 4582; x_wconf 88' lang='lat' dir='ltr'><strong>iudicibus</strong></span> <span class='ocrx_word' id='word_1_312' title='bbox 901 4527 1088 4599; x_wconf 86' lang='lat' dir='ltr'><strong>praelegendo</strong></span> <span class='ocrx_word' id='word_1_313' title='bbox 1114 4545 1144 4581; x_wconf 89' lang='lat' dir='ltr'><strong>sc</strong></span> <span class='ocrx_word' id='word_1_314' title='bbox 1164 4523 1322 4579; x_wconf 74' lang='lat' dir='ltr'><strong>defendisse</strong></span> <span class='ocrx_word' id='word_1_315' title='bbox 1342 4532 1476 4577; x_wconf 84' lang='lat' dir='ltr'><strong>narratur.</strong></span> <span class='ocrx_word' id='word_1_316' title='bbox 1513 4523 1605 4593; x_wconf 83' lang='lat' dir='ltr'><strong>Quam</strong></span> 
     </span>
     <span class='ocr_line' id='line_1_38' title="bbox 458 4613 1604 4690; baseline 0 -16"><span class='ocrx_word' id='word_1_317' title='bbox 458 4619 556 4674; x_wconf 84' lang='lat' dir='ltr'><strong>lamam</strong></span> <span class='ocrx_word' id='word_1_318' title='bbox 582 4619 694 4674; x_wconf 84' lang='lat' dir='ltr'><strong>tradunt</strong></span> <span class='ocrx_word' id='word_1_319' title='bbox 721 4620 803 4674; x_wconf 83' lang='lat' dir='ltr'><strong>etiam</strong></span> <span class='ocrx_word' id='word_1_320' title='bbox 823 4616 882 4674; x_wconf 84' lang='lat' dir='ltr'><strong>Cic.</strong></span> <span class='ocrx_word' id='word_1_321' title='bbox 902 4617 961 4674; x_wconf 83' lang='lat' dir='ltr'><strong>Cat.</strong></span> <span class='ocrx_word' id='word_1_322' title='bbox 982 4617 1048 4676; x_wconf 85' lang='lat' dir='ltr'><strong>Mai.</strong></span> <span class='ocrx_word' id='word_1_323' title='bbox 1067 4621 1093 4681; x_wconf 80' lang='grc'><strong>7,</strong></span> <span class='ocrx_word' id='word_1_324' title='bbox 1111 4619 1163 4682; x_wconf 79' lang='lat'><strong>22,</strong></span> <span class='ocrx_word' id='word_1_325' title='bbox 1191 4613 1331 4669; x_wconf 82' lang='lat' dir='ltr'><strong>Plutarch.</strong></span> <span class='ocrx_word' id='word_1_326' title='bbox 1350 4613 1395 4668; x_wconf 80' lang='lat' dir='ltr'><strong>An</strong></span> <span class='ocrx_word' id='word_1_327' title='bbox 1419 4615 1479 4669; x_wconf 87' lang='lat' dir='ltr'><strong>aeni</strong></span> <span class='ocrx_word' id='word_1_328' title='bbox 1499 4625 1556 4673; x_wconf 88' lang='lat' dir='ltr'><strong>etc.</strong></span> <span class='ocrx_word' id='word_1_329' title='bbox 1576 4637 1604 4690; x_wconf 91' lang='lat' dir='ltr'><strong>p.</strong></span> 
     </span>
     <span class='ocr_line' id='line_1_39' title="bbox 457 4704 1604 4784; baseline -0.002 -17"><span class='ocrx_word' id='word_1_330' title='bbox 457 4713 510 4769; x_wconf 80' lang='lat'><strong>785</strong></span> <span class='ocrx_word' id='word_1_331' title='bbox 530 4711 564 4778; x_wconf 80' lang='grc' dir='ltr'><strong>Α,</strong></span> <span class='ocrx_word' id='word_1_332' title='bbox 583 4710 696 4769; x_wconf 80' lang='lat' dir='ltr'><strong>Luciam.</strong></span> <span class='ocrx_word' id='word_1_333' title='bbox 714 4711 840 4768; x_wconf 81' lang='lat' dir='ltr'><strong>Maeroh.</strong></span> <span class='ocrx_word' id='word_1_334' title='bbox 857 4714 902 4777; x_wconf 81' lang='lat'><strong>24,</strong></span> <span class='ocrx_word' id='word_1_335' title='bbox 920 4711 1023 4784; x_wconf 76' lang='lat' dir='ltr'><strong>Appul.</strong></span> <span class='ocrx_word' id='word_1_336' title='bbox 1043 4710 1125 4782; x_wconf 75' lang='lat' dir='ltr'><strong>Apol.</strong></span> <span class='ocrx_word' id='word_1_337' title='bbox 1145 4709 1208 4764; x_wconf 80' lang='lat'><strong>298.</strong></span> <span class='ocrx_word' id='word_1_338' title='bbox 1246 4704 1290 4762; x_wconf 79' lang='lat' dir='ltr'><strong>Gi.</strong></span> <span class='ocrx_word' id='word_1_339' title='bbox 1309 4704 1518 4775; x_wconf 74' lang='lat' dir='ltr'><strong>Schneidewin,</strong></span> <span class='ocrx_word' id='word_1_340' title='bbox 1543 4708 1604 4767; x_wconf 85' lang='lat' dir='ltr'><strong>Sc-</strong></span> 
     </span>
     <span class='ocr_line' id='line_1_40' title="bbox 457 4801 939 4878; baseline -0.006 -19"><span class='ocrx_word' id='word_1_341' title='bbox 457 4803 581 4878; x_wconf 87' lang='lat' dir='ltr'><strong>phoeles.</strong></span> <span class='ocrx_word' id='word_1_342' title='bbox 617 4801 669 4859; x_wconf 86' lang='lat' dir='ltr'><strong>Bd.</strong></span> <span class='ocrx_word' id='word_1_343' title='bbox 692 4808 715 4871; x_wconf 87' lang='lat' dir='ltr'><strong>l,</strong></span> <span class='ocrx_word' id='word_1_344' title='bbox 734 4822 760 4877; x_wconf 88' lang='lat' dir='ltr'><strong>p.</strong></span> <span class='ocrx_word' id='word_1_345' title='bbox 784 4801 879 4859; x_wconf 87' lang='lat' dir='ltr'><strong>XVlll</strong></span> <span class='ocrx_word' id='word_1_346' title='bbox 898 4820 939 4875; x_wconf 87' lang='lat' dir='ltr'><strong>sq.</strong></span> 
     </span>
    </p>
   </div>
   <div class='ocr_carea' id='block_1_7' title="bbox 0 0 2076 5675">
    <p class='ocr_par' dir='ltr' id='par_1_10' title="bbox 0 0 2076 5675">
     <span class='ocr_line' id='line_1_41' title="bbox 0 0 2076 5675; baseline 0 1"><span class='ocrx_word' id='word_1_347' title='bbox 0 0 2076 5675; x_wconf 95' lang='lat' dir='ltr'><strong> </strong></span> 
     </span>
    </p>
   </div>
  </div>
 </body>
</html>
