4142 5675
951 459 974 526 ff·
1071 459 1140 540 Μ’

926 650 1244 728 -23--,

463 818 514 903 vl,
534 818 556 883 9
578 835 666 899 sqq,
689 835 748 900 qua
773 818 857 879 cives
879 834 954 879 suos
977 817 1170 901 dehortatur,
1203 820 1366 900 quominus
1396 817 1507 880 bellum
1539 817 1611 878 lon-

461 926 611 1006 ginquum
634 943 672 987 ac
694 922 984 1004 periculosissimum
1006 925 1170 1007 incipiant,
1193 925 1326 987 maxime
1348 926 1378 987 in
1400 941 1441 986 eo
1463 932 1612 1005 versatur,
1632 950 1634 954 ·

462 1029 550 1111 quod
573 1048 676 1111 noque
697 1027 734 1091 dv
755 1030 857 1113 καιρῷ
886 1030 916 1092 id
944 1031 1125 1112 aggressuri
1147 1048 1249 1110 nequo
1272 1030 1363 1093 ullum
1385 1031 1457 1093 inde
1479 1030 1611 1093 linctum

462 1136 585 1215 capturi
606 1136 677 1199 sint.
729 1136 858 1199 Primum
883 1138 965 1199 enim
989 1135 1064 1199 dicit
1085 1135 1115 1198 id
1139 1141 1258 1216 tempus
1282 1134 1321 1197 ad
1345 1136 1516 1219 gerendum
1540 1135 1611 1198 bel-

462 1240 523 1302 lum
547 1247 709 1322 extumum
733 1249 939 1324 opportunum
963 1249 1050 1306 certe
1069 1260 1132 1304 non
1156 1258 1237 1326 asse,
1260 1260 1321 1323 quo
1340 1250 1455 1305 tantam
1478 1241 1611 1304 hostium

462 1346 686 1443 multitudinum
710 1334 792 1411 domi
814 1348 951 1411 relicturi
973 1350 1047 1412 sint:
1081 1365 1153 1410 nom
1175 1346 1244 1427 paci
1267 1365 1336 1411 cnm
1358 1346 1611 1410 Lacedaemoniis

463 1450 567 1515 lactnc
589 1452 703 1516 conlidi
723 1472 786 1517 non
810 1473 918 1536 posse;
948 1455 1025 1517 alios
1049 1470 1089 1515 eo
1112 1454 1181 1533 ipso
1203 1458 1344 1532 tempore
1359 1448 1475 1533 ‘aperte
1497 1453 1611 1515 bellum

461 1577 596 1642 gerere,
619 1560 697 1624 alios
718 1568 780 1624 tum
804 1569 890 1625 certe
913 1580 981 1625 cnm
1004 1561 1047 1623 illi
1074 1558 1187 1621 bellum
1217 1558 1320 1620 denuo
1343 1576 1457 1643 gerere
1481 1559 1611 1640 incepe-

459 1666 541 1748 rint,
567 1684 636 1729 cnut
660 1666 812 1730 Siceliotis
826 1669 1018 1730 vsocietatem
1041 1666 1173 1729 inituros
1203 1682 1286 1727 esse.
1340 1665 1460 1727 Deinde
1492 1667 1611 1746 impru-

458 1772 600 1836 dentium
622 1790 694 1837 esso
712 1772 868 1837 hominnm
890 1774 1043 1837 adversus
1066 1790 1123 1837 eos
1144 1771 1257 1835 bellum
1282 1790 1407 1856 gerere,
1430 1772 1492 1854 qui,
1511 1773 1536 1834 si
1558 1791 1611 1835 res

458 1861 613 1961 prospero
636 1878 743 1963 cedat„
773 1880 830 1943 sub
853 1880 981 1959 imperio
1004 1879 1104 1941 teneri
1127 1896 1190 1940 non
1214 1878 1358 1962 possint,
1388 1880 1413 1941 si
1449 1896 1501 1940 res
1533 1877 1611 1938 male

457 1989 628 2066 gerantur,
651 1980 782 2046 hostium
806 1982 1028 2047 multitudinem
1052 1982 1200 2062 viresque
1222 1982 1369 2044 inmaturi
1389 1981 1458 2043 sint.
1504 1981 1611 2059 ltaque

458 2090 554 2153 etiam
576 2090 747 2171 Sophocles
778 2109 847 2153 cnm
876 2089 1032 2173 expeditio
1062 2095 1225 2171 pararetur
1257 2090 1306 2152 vel
1336 2090 1396 2152 inin
1423 2089 1454 2150 in
1477 2087 1610 2151 Siciliam

458 2199 554 2262 naisso
576 2205 679 2281 essct,
710 2197 863 2260 intellexit
894 2216 930 2259 ac
962 2196 1054 2259 lacile
1084 2214 1161 2278 sane
1191 2196 1376 2278 intellegere
1398 2201 1520 2277 poterat
1544 2195 1611 2256 eins

458 2306 577 2368 exitum
600 2305 792 2386 reipublicae
814 2306 1021 2387 perniciosum
1045 2304 1129 2383 lore3
1153 2312 1245 2386 atque
1268 2304 1348 2367 hanc
1370 2321 1441 2366 csse
1456 2302 1611 2364 iudicabat

456 2410 572 2495 ὕβριν,
593 2433 635 2476 ex
657 2432 718 2495 qua
742 2432 866 2495 semper
887 2412 1201 2494 bominibusssumnna
1226 2421 1317 2493 atque
1336 2412 1516 2492 gravissima
1532 2410 1610 2472 mala

457 2521 550 2584 nasci
571 2526 695 2584 veteres
717 2537 779 2610 non
803 2519 914 2583 iniuria
938 2519 1056 2601 opinuli
1078 2526 1164 2601 sunt,
1199 2524 1293 2598 atque
1324 2518 1406 2599 quod
1439 2519 1524 2579 cives
1547 2524 1610 2579 lum

457 2628 614 2712 perlicere
636 2626 849 2706 conabantur,
884 2625 915 2688 id
938 2622 1107 2688 'referebat
1128 2625 1209 2686 inter
1231 2624 1325 2687 multa
1347 2622 1370 2685 ἄ
1390 2622 1433 2707 μή
1455 2622 1608 2704 ἐπίκαιρα

454 2733 541 2820 μρδὲ
562 2734 766 2819 συμφέροντα
789 2733 985 2817 dicebatque,
1006 2751 1182 2815 quanquam
1200 2733 1270 2796 talia
1294 2732 1332 2795 ud
1357 2739 1516 2813 tempusa
1541 2731 1607 2794 deis

456 2846 616 2929 terantur,
647 2862 718 2906 cum
746 2843 783 2905 ud
815 2861 963 2908 summam
990 2843 1227 2924 perversitatem
1250 2840 1393 2921 snperbia
1417 2843 1607 2923 pervenerit,

458 2959 525 3015 tuin
547 2970 616 3015 eam
639 2967 791 3031 praeceps
813 2951 940 3013 inruere
962 2950 993 3011 in
1022 2951 1257 3033 necessitatum,
1288 2948 1371 3011 unde
1400 2966 1493 3011 nemo
1515 2948 1606 3011 facile

458 3077 535 3124 sese
557 3057 766 3122 extricaverit.
812 3057 890 3130 Ouid
909 3062 1012 3120 antem
1034 3058 1074 3119 sit
1095 3055 1170 3118 illud
1195 3053 1367 3136 πάλαισμα
1387 3050 1481 3118 cidini
1502 3052 1608 3127 καλῶς

457 3166 551 3247 ἔχον,
585 3166 626 3228 de
654 3182 716 3247 qno
738 3182 832 3245 supra
855 3163 1001 3247 diximus,
1030 3163 1121 3226 tuelle
1143 3163 1321 3247 apparebit,
1354 3164 1379 3226 si
1402 3181 1482 3245 qnae
1504 3162 1607 3242 Nicias

458 3275 581 3340 civibus
602 3274 685 3338 bella
710 3271 850 3355 gerenda
873 3289 945 3338 esse
972 3273 1126 3334 existimet
1148 3272 1438 3349 comparaverimus.
1482 3270 1530 3333 Ac
1549 3288 1607 3333 re-

458 3383 522 3446 iert
543 3380 667 3463 quidem
690 3397 746 3444 eos
766 3381 787 3462 ¹)
816 3379 855 3442 ad
878 3379 1143 3443 Lacedaemonios
1172 3379 1224 3460 qui
1254 3378 1305 3441 diu
1331 3396 1438 3458 pacem
1462 3395 1524 3440 non
1548 3381 1608 3443 sint

457 3486 631 3566 servaturi3
671 3504 741 3551 esse
764 3504 889 3567 quoqne
911 3503 1013 3567 neque
1036 3503 1095 3550 eos
1117 3486 1406 3568 impotentissimus,
1439 3486 1491 3565 qui
1523 3479 1608 3567 pacis

458 3594 658 3661 conditiones
680 3593 824 3674 accipere
846 3593 1077 3672 recusaverint,
1109 3591 1221 3673 hisque
1250 3591 1354 3654 verbis
1378 3589 1520 3672 designat
1544 3595 1609 3672 pri-

459 3721 543 3767 mum
565 3700 698 3764 maxime
723 3698 909 3780 Corinthios,
937 3699 1119 3779 quibuscum
1142 3697 1350 3761 Athenienses
1373 3716 1413 3761 eo
1434 3700 1502 3779 ipso
1526 3708 1608 3762 tem-

460 3826 540 3892 pore
561 3808 757 3871 bellaverunt
768 3804 802 3888 ²),
825 3804 938 3868 deinde
960 3804 1109 3888 Boeotos,
1133 3805 1186 3885 qui
1206 3805 1293 3867 initio
1308 3805 1380 3867 anni
1395 3805 1608 3887 quadringen-

459 3916 560 3980 tesimi
590 3913 727 3976 vicesimi
751 3930 779 3975 a.
803 3911 874 3973 Chr.
897 3929 927 3972 n.
950 3909 1268 3974 Lacedaemoniorum
1300 3910 1379 3973 socii
1407 3911 1479 3973 iacti
1507 3922 1607 3989 ernon

459 4024 528 4104 ipse
563 4020 699 4101 denique
729 4018 867 4081 nominat
891 4016 1113 4080 Chalcidenses
1145 4014 1311 4100 Thracios,
1350 4019 1402 4098 qni
1432 4036 1607 4100 quenquam

460 4129 548 4192 multi
568 4135 640 4209 post
662 4125 870 4189 delectionem
893 4141 1003 4186 eorum
1025 4125 1099 4186 anni
1110 4123 1337 4207 praeterierint,
1357 4124 1493 4185 nondum
1507 4134 1608 4187 tamen

459 4235 619 4320 potuerint
639 4232 752 4315 subigi,
776 4237 807 4295 et
829 4230 907 4295 alios
921 4229 1072 4312 quosdam
1089 4229 1251 4314 significat,
1273 4230 1326 4311 qni
1340 4227 1421 4291 acroi
1441 4229 1498 4303 ιάς
1517 4227 1609 4314 pusi

459 4362 538 4429 ραις
558 4337 749 4413 ἐνδοιασαὸς
770 4333 960 4422 ἀκροῶνται.
1004 4336 1107 4420 Atque
1122 4336 1260 4425 declarat
1281 4335 1396 4400 bellurn
1418 4345 1527 4401 contra
1550 4336 1608 4401 hos

580 4645 668 4702 Thac.
686 4643 723 4700 Vl
755 4648 798 4702 lt).

533 4650 562 4807 3
579 4735 667 4792 Thac.
686 4686 805 4803 V‚‚115=
842 4737 889 4792 xci
905 4740 1052 4810 Κορίνθιαι
1077 4739 1240 4805 ἐπολέμησαν
1263 4739 1342 4793 ἰδίων
1367 4736 1444 4791 τινῶν
1466 4737 1610 4806 διαφορῶν

461 4832 540 4888 lum
557 4835 611 4894 τοῖς
625 4829 784 4898 interciata.
