4142 5675
915 525 918 530 .
964 451 980 500 ‘¹
1109 451 1170 536 ets

933 669 987 725 ...’
1024 631 1066 740 19Ι
1107 712 1151 725 ..-

466 851 553 910 recta
577 845 777 928 oberraverit,
798 846 856 927 ipsi
882 865 922 909 ex
944 866 1023 931 rege
1045 848 1232 912 audiendum
1256 866 1344 933 esse,
1367 850 1420 932 qui
1442 849 1616 933 Apollinem

467 969 595 1017 causam
619 956 766 1018 malornm
791 963 881 1019 vocet
896 956 926 1038 ¹).

553 1062 624 1125 Duo
647 1062 740 1145 igitur
762 1070 832 1125 sunt
840 1110 848 1145 ‚
880 1062 991 1143 quibus
1014 1063 1151 1127 Schoelli
1176 1066 1329 1128 sententia
1353 1064 1392 1127 de
1413 1072 1556 1149 tempore
1588 1077 1618 1131 et

466 1168 601 1232 consilio
623 1165 807 1250 tragoediae
828 1169 1015 1232 continetur.
1068 1169 1171 1250 Atque
1204 1172 1331 1251 primum
1363 1172 1448 1252 quod
1473 1171 1512 1236 de
1534 1173 1616 1238 iusto

466 1274 701 1339 Atheniensium
740 1275 823 1337 bello
857 1283 890 1339 et
920 1274 960 1338 de
987 1274 1142 1340 Thebanis
1174 1295 1281 1340 eorum
1317 1276 1503 1343 adversariis
1536 1281 1617 1366 dicit,
1706 1267 1711 1277 ⁸

465 1390 555 1444 recte
578 1381 706 1445 dixisset
728 1381 755 1445 si
777 1388 935 1445 constaret
957 1399 1007 1465 oo,
1029 1401 1092 1463 quo
1116 1391 1243 1465 conset,
1265 1390 1405 1465 tempore
1427 1387 1618 1469 tragoediam

467 1506 540 1553 esse
563 1488 702 1568 doctam3
724 1490 751 1551 si
774 1490 882 1571 minus,
905 1507 996 1553 nemo
1020 1489 1061 1551 de
1082 1489 1237 1553 Thebanis
1256 1488 1306 1552 hic
1320 1491 1515 1572 cogitaverit.
1556 1496 1618 1558 Fa·
1709 1523 1711 1527 ·

466 1595 528 1657 cile
551 1613 630 1659 sane
650 1595 742 1659 alicui
764 1596 795 1657 in
818 1603 953 1659 mentem
975 1596 1096 1659 venerit
1118 1604 1240 1677 poetam
1264 1596 1301 1659 ud
1325 1596 1436 1660 bellurn
1460 1600 1619 1681 Pelopon-

466 1703 628 1765 nesiacum
650 1704 838 1784 respexisse,
862 1720 930 1765 cum
954 1709 1111 1765 certarnen
1126 1704 1238 1765 civitati
1258 1703 1339 1766 bene
1351 1705 1518 1768 institutum
1536 1707 1619 1770 deo-

464 1825 535 1869 rum
566 1806 680 1869 anxilio
710 1806 747 1869 ad
783 1805 904 1869 felicem
937 1808 1051 1869 exitum
1079 1807 1310 1887 perducendum
1334 1825 1406 1870 esso
1435 1809 1530 1887 dicat;
1562 1813 1619 1874 sed

465 1914 626 1996 quodnam
650 1913 739 1977 huius
762 1913 835 1977 belli
861 1924 982 1995 tempus
1011 1914 1221 1997 denotaverit,
1257 1932 1297 1976 ex
1328 1915 1374 1977 his
1399 1924 1487 1979 certe
1514 1919 1617 1982 verbis
1661 1959 1663 1963 -

465 2021 597 2085 efficere
618 2039 680 2084 non
699 2038 872 2102 possumus.
917 2021 1026 2102 Neque
1050 2020 1147 2105 magis
1171 2020 1368 2103 adducimur,
1402 2030 1436 2085 ut
1466 2026 1517 2087 illo
1544 2026 1616 2089 loco

464 2129 617 2193 Periclem
640 2129 872 2210 intellegemus3
900 2128 973 2191 licet
1003 2130 1094 2191 etiam
1128 2129 1218 2191 aliurn
1249 2130 1415 2209 quemlibet
1438 2132 1620 2216 intellegere

465 2256 511 2299 cx
533 2237 596 2321 eis,
630 2237 682 2318 qui
704 2242 774 2316 post
796 2241 925 2296 mortem
950 2235 1017 2323 eius
1040 2237 1070 2296 in
1095 2234 1253 2315 republica
1276 2237 1414 2317 gerenda
1438 2239 1467 2300 ei
1488 2258 1619 2303 socces-

465 2348 589 2422 serunt;
611 2348 704 2423 atque
726 2359 795 2403 cum
817 2339 1026 2405 Athenienses
1049 2342 1172 2421 saepius
1195 2360 1265 2403 cum
1280 2342 1538 2408 Lacedaemoniis
1561 2368 1620 2428 pa·

465 2468 537 2513 cem
559 2448 664 2512 lacere
689 2446 843 2510 voluerint
864 2447 1060 2529 fecerintque
1073 2447 1159 2511 Nicia
1172 2448 1351 2533 interprete,
1376 2458 1407 2512 et
1425 2450 1539 2514 bellum
1552 2474 1620 2517 cum

465 2560 573 2622 denuo
596 2556 779 2640 inciperent,
803 2573 865 2618 non
888 2562 947 2617 tom
969 2563 1098 2618 strenuo
1121 2575 1189 2618 cum
1213 2554 1260 2619 his
1271 2564 1427 2637 gererent,
1451 2562 1620 2625 etiamalio

463 2676 609 2748 tempore
642 2670 767 2745 poetam
802 2664 920 2727 civibus
947 2665 1108 2727 consilium
1145 2671 1179 2726 ut
1208 2663 1331 2728 fortiter
1358 2665 1511 2731 bellarent
1543 2670 1618 2732 dare

465 2774 608 2858 putuisse
632 2773 780 2836 videmus.

554 2883 675 2946 Deinde
697 2900 773 2946 vero
797 2900 877 2964 quae
910 2882 950 2945 de
973 2881 1151 2946 criminibus
1173 2890 1301 2963 propter
1322 2884 1491 2966 religiones
1515 2888 1613 2950 viola-

465 2998 515 3054 tas
542 2987 574 3052 in
597 2988 745 3053 Periclem
777 2990 907 3071 eiusque
940 2991 1057 3052 amicos
1088 2991 1247 3070 congestis
1276 2989 1362 3073 dicit,
1394 3009 1432 3053 ea
1465 2993 1616 3072 quadrant

446 3097 561 3160 ·etiarn
585 3096 622 3159 ad
650 3095 709 3158 alia
739 3095 811 3157 belli
833 3095 1090 3176 Peloponnesiaci
1124 3101 1283 3176 tempora;
1318 3115 1387 3158 uam
1417 3101 1542 3162 omnino
1576 3119 1614 3163 ee

466 3206 570 3267 aetate
591 3201 800 3264 Athenienses
829 3202 1049 3283 superstitione
1074 3201 1340 3282 religionibusque
1363 3202 1510 3284 falsisque
1534 3223 1614 3285 quae

463 3308 539 3374 inde
569 3307 748 3371 oriebantur
780 3294 958 3370 criminibus
989 3305 1057 3387 plus
1086 3309 1167 3370 iusto
1197 3307 1293 3389 abripi
1322 3326 1358 3370 se
1385 3312 1468 3389 passi
1495 3320 1564 3375 sunt
1578 3312 1611 3395 2).

462 3415 573 3497 ltaque
595 3414 726 3476 maxime
748 3414 775 3475 si
798 3413 878 3476 aliud
902 3421 1020 3493 tempus
1042 3419 1146 3493 potest
1172 3414 1304 3476 inveniri
1311 3463 1320 3498 ‚
1355 3413 1394 3475 de
1425 3432 1487 3495 quo
1510 3417 1539 3478 id
1562 3420 1613 3481 vel

464 3521 584 3586 rectius
606 3519 734 3594 dicatur,
759 3537 798 3581 no
822 3518 883 3581 hoc
906 3519 1029 3600 quidem
1055 3525 1247 3601 argumento,
1269 3527 1303 3582 ut
1326 3520 1380 3584 illo
1398 3527 1539 3603 ternpore
1561 3524 1611 3586 f-

463 3628 566 3692 holam
590 3625 712 3690 doctam
736 3642 808 3689 esse
830 3631 1013 3709 statuamus,
1048 3624 1189 3688 efficitur.

551 3733 598 3797 lix
621 3733 666 3796 eis
693 3734 802 3817 igitur,
833 3750 912 3813 quae
935 3731 1083 3814 exposui,
1117 3730 1242 3794 elucere
1272 3729 1394 3793 videtur
1415 3733 1450 3798 C.
1474 3734 1505 3797 P.
1527 3735 1611 3799 ller-

462 3842 568 3906 manni
590 3842 774 3904 sententiam
799 3839 838 3901 de
860 3846 1001 3921 tempore
1027 3855 1089 3919 quo
1113 3834 1275 3919 tragoedia
1300 3835 1389 3899 docta
1422 3838 1478 3922 sit,
1513 3843 1540 3903 si
1562 3843 1611 3905 vel

461 3948 576 4031 quibus
598 3950 665 4029 ipse
688 3966 755 4011 eam
780 3947 969 4030 argumentis
993 3946 1042 4007 vet
1065 3944 1114 4006 alii
1138 3942 1272 4025 probare
1296 3945 1399 4006 conati
1422 3947 1499 4030 sint,
1529 3966 1610 4011 con-

460 4055 635 4120 sideremus
657 4052 707 4115 vel
730 4053 861 4116 maxime
886 4050 1009 4114 dubiem
1043 4067 1114 4114 esse
1136 4058 1229 4130 atque
1252 4049 1378 4113 omnino
1400 4052 1610 4119 reiiciendam.

461 4163 523 4226 lem
550 4160 624 4224 nihil
646 4165 742 4224 restat
765 4158 823 4223 nisi
845 4164 878 4219 ut
899 4174 1094 4240 quaeremus,
1117 4176 1188 4219 num
1210 4173 1286 4220 vere
1308 4156 1442 4222 dixerint
1453 4159 1609 4225 llerman-

461 4287 520 4332 nus
544 4267 659 4349 aliique
682 4273 803 4348 poetam
826 4265 857 4327 in
882 4262 1011 4326 exordio
1035 4263 1158 4327 fabulae
1181 4262 1380 4345 ad-pestem,
1415 4283 1494 4344 quoe
1522 4269 1609 4331 initio

459 4389 772 4399 -.-—-————-

536 4435 560 4502 ί)
579 4450 604 4486 v.
628 4431 697 4487 1329
716 4449 773 4506 sq:
799 4432 940 4486 Ἀπόλλων
957 4429 1017 4484 wid'
1032 4425 1076 4497 ἦν,
1101 4427 1259 4492 Ἀπόλλων,
1288 4431 1376 4498 gilae,

803 4523 817 4577 ὅ
835 4523 906 4578 κακὰ
922 4522 992 4578 κακὰ
1009 4523 1090 4577 τελῶν
1107 4521 1160 4595 ἐμὰ
1178 4520 1241 4576 τάδ’
1260 4521 1314 4593 ἐμὰ
1331 4523 1432 4576 πάθεα.

531 4614 559 4688 2)
578 4613 621 4670 De
640 4632 694 4688 qua
713 4630 745 4668 re
765 4614 892 4670 conteras
911 4632 1016 4688 quaeso
1034 4613 1102 4670 satis
1120 4614 1204 4669 mults
1224 4630 1266 4679 ea,
1284 4629 1356 4684 quae
1375 4629 1391 4665 a
1410 4609 1441 4667 C.
1460 4611 1506 4668 Fr.
1528 4614 1607 4671 fles.

457 4725 560 4764 manno
579 4706 609 4764 iu
627 4705 786 4762 Handbuch
805 4707 856 4763 der
873 4708 977 4780 griech.
999 4706 1185 4764 Staatsaltert.
1223 4702 1397 4775 Heidelberg
1418 4706 1487 4762 iSbb
1507 4707 1538 4779 S.
1556 4713 1607 4765 tot

454 4811 527 4858 nott.
549 4802 589 4864 tt,
612 4801 652 4864 tn,
674 4801 706 4856 ts
725 4799 807 4855 allata
826 4808 899 4856 sunt.

1269 4904 1317 4970 2ss
