4142 5675
990 641 1208 704 ..23-

1030 900 1117 979 lloput
1139 900 1173 960 ΙΙ.

1003 1049 1132 1099 Porticule
1148 1047 1195 1096 111.

615 1200 676 1263 lam
700 1199 727 1263 si
749 1198 789 1264 ad
811 1204 941 1263 externa
963 1204 1145 1281 argumenta
1166 1198 1351 1279 respiciens,
1383 1198 1511 1278 primum
1533 1192 1677 1266 Philoclis

530 1308 654 1371 l'ahulae
676 1309 825 1371 rationem
849 1305 966 1389 haheo,
998 1306 1073 1370 inde
1103 1315 1211 1371 contro
1241 1306 1424 1369 sententiam
1455 1322 1554 1368 meam
1577 1322 1675 1387 argu-

529 1420 664 1476 mentum
685 1415 785 1493 repeti
807 1431 899 1494 posse
921 1412 1037 1475 nullum
1068 1413 1284 1494 comprohaui3
1317 1419 1349 1476 at
1382 1431 1448 1476 eam
1482 1429 1545 1475 nou
1581 1411 1673 1474 multo

528 1527 600 1584 aute
622 1520 668 1585 Ol.
691 1517 743 1604 st,
766 1521 786 1583 2
810 1548 851 1574 =
874 1517 937 1583 414
962 1540 990 1583 a.
1013 1518 1085 1585 Chr.
1109 1526 1208 1583 actam
1231 1537 1302 1583 esse
1324 1518 1489 1583 verisimile
1513 1523 1574 1601 est,
1596 1534 1673 1598 pro-

529 1634 633 1708 pterea
656 1627 739 1708 quod
762 1628 804 1690 ita
827 1634 914 1709 certe
935 1625 1045 1689 melius
1074 1644 1126 1707 ea,
1162 1625 1271 1706 quihus
1294 1626 1517 1707 Aristophanes
1538 1625 1572 1688 in
1594 1623 1672 1690 Avi-

529 1733 587 1798 bus
611 1734 649 1799 ad
674 1753 742 1799 eam
764 1733 879 1818 alludit,
901 1733 1041 1818 intellegi
1062 1736 1228 1815 potuerint.
1273 1735 1376 1817 Atque
1399 1732 1571 1801 Schoellius
1594 1733 1672 1798 mul-

528 1842 566 1904 tis
588 1841 768 1923 argutisque
789 1842 980 1925 argumentis
1002 1857 1077 1904 usus
1100 1841 1302 1924 seutentiam,
1336 1859 1417 1922 quae
1448 1842 1479 1903 in
1501 1840 1594 1902 Terei
1624 1838 1672 1904 la-

530 1949 599 2012 bula
623 1948 712 2031 insit,
742 1947 781 2012 od
804 1948 883 2013 haec
914 1956 1053 2028 tempora
1076 1950 1262 2030 aptissimam
1286 1967 1357 2012 esse
1378 1948 1399 2013 1.
1423 1968 1449 2012 c.
1470 1966 1498 2029 p.
1520 1944 1585 2011 256
1607 1965 1672 2030 sqq.

530 2054 745 2118 demonstrare
767 2054 892 2136 studuit,
917 2064 947 2119 at
970 2072 1009 2118 eo
1031 2054 1176 2138 consilio,
1200 2062 1233 2118 ut
1255 2054 1459 2135 Sophoclis
1481 2055 1614 2120 Tereum
1637 2054 1672 2116 ad

531 2180 569 2226 ea
591 2162 735 2226 relerrel.
781 2160 836 2224 Vel
860 2162 991 2224 maxime
1012 2161 1117 2223 nititur
1139 2162 1209 2224 loco
1232 2160 1478 2242 Aristophaneo:

702 2268 833 2330 moerico
854 2268 963 2349 μέιιιοι
983 2266 1170 2353 Σοφοκλέης
1189 2266 1375 2350 λυμαίνεται

698 2373 735 2438 ἐν
756 2382 825 2447 ταῖς
845 2373 1071 2461 τραγῳδίαισιν
1091 2373 1148 2457 ἐμὲ
1168 2376 1224 2438 τοι
1248 2376 1366 2460 Τηρέα.

530 2481 623 2563 Atqui
646 2481 675 2547 h.
698 2482 718 2548 l.
741 2480 927 2567 Σοφοκλέης
950 2501 1081 2565 magnae
1103 2482 1175 2547 milri
1198 2490 1246 2546 est
1269 2482 1445 2547 offensioni.
1496 2482 1572 2546 Nam
1607 2484 1673 2563 pri-

530 2608 609 2652 mum
640 2589 815 2671 ubicunque
838 2590 1063 2672 Aristophanes
1095 2589 1135 2654 de
1157 2589 1313 2671 Sophocle
1342 2590 1496 2673 loquitur,
1528 2590 1571 2652 ibi
1604 2608 1672 2654 cum

528 2695 660 2776 quadam
683 2697 860 2762 reverentia
883 2697 1067 2760 sententiam
1089 2715 1174 2761 suam
1188 2714 1365 2778 proponere
1386 2698 1476 2779 solet,
1499 2697 1582 2779 quod
1604 2716 1673 2786 ma-

528 2803 611 2865 xime
638 2805 668 2866 in
691 2805 784 2868 lionis
817 2801 1016 2886 conspicuum
1047 2812 1107 2884 est;
1141 2802 1215 2869 illud
1242 2823 1318 2869 vero
1349 2784 1535 2886 torporiosam
1565 2803 1673 2869 lortius
1696 2833 1718 2891 .]

530 2910 661 2989 dictum;
697 2911 809 2975 deiude
840 2913 929 2975 etiam
956 2911 1083 2993 pluralis
1109 2912 1141 2973 in
1176 2913 1274 2976 altero
1303 2931 1396 2978 versu
1423 2911 1495 2975 mihi
1524 2911 1672 2992 displicet,

529 3018 613 3100 quod
647 3037 738 3081 unam
774 3024 889 3082 tantum
922 3019 1054 3083 Tereum
1084 3018 1255 3101 Sophocles
1285 3020 1415 3101 scripsit.
1470 3020 1510 3082 At
1531 3019 1673 3083 facillima

529 3124 710 3189 coniectura
745 3123 791 3189 his
819 3125 985 3189 subvenire
1014 3124 1103 3206 licet,
1138 3126 1164 3189 si
1197 3144 1254 3207 pro
1284 3122 1469 3209 Σοφοκλέης
1500 3122 1674 3210 Φιλοκλέης

528 3232 701 3299 scribimus.
744 3233 819 3297 Tum
843 3241 873 3296 et
895 3232 968 3297 illud
988 3234 1116 3297 verbum
1138 3241 1170 3297 et
1192 3251 1338 3298 numeros
1359 3233 1494 3319 pluralis,
1517 3251 1610 3317 quem
1634 3234 1673 3296 de

528 3340 719 3404 Pandionide
749 3341 912 3425 tetralogia
943 3341 1167 3425 intellegimus,
1199 3344 1311 3423 optimo
1341 3342 1467 3427 hahent,
1499 3360 1602 3429 nequo
1627 3342 1674 3405 hic

526 3447 585 3513 Av.
607 3468 637 3513 v.
660 3447 721 3513 281
746 3468 814 3532 sqq.
838 3459 944 3514 contra
968 3457 1097 3531 possunt
1119 3449 1234 3515 allerri.
1279 3450 1363 3514 llaec
1386 3451 1466 3513 enim
1485 3448 1675 3533 genealogia

526 3556 695 3639 vituperari
719 3574 781 3621 uon
803 3564 920 3643 potest,
943 3575 1024 3638 quae
1047 3557 1177 3621 consilio
1200 3564 1314 3638 poetae
1336 3557 1468 3643 maxime
1491 3555 1609 3621 faveat:

694 3683 802 3767 Upupa
827 3685 1081 3771 Aristophonieus
1104 3686 1151 3768 (et
1172 3686 1240 3767 ipse
1263 3683 1450 3769 Philoclous)

982 3946 985 3951 Ι
1014 3769 1178 3921 ¹Philu‘ocles

1038 3941 1154 4110 Upulpa.

611 4136 733 4202 Deinde
765 4137 855 4200 etlam
879 4134 920 4198 de
945 4138 1081 4201 numeris
1106 4152 1252 4200 versuum
1278 4133 1401 4216 tabulae
1427 4130 1553 4223 nostrae
1575 4150 1676 4215 pauca

526 4245 657 4310 dicenda
680 4251 786 4326 erunt,
816 4241 927 4324 quihus
950 4243 1074 4306 multum
1094 4246 1125 4306 in
1148 4243 1195 4307 his
1218 4242 1257 4305 de
1279 4250 1417 4322 tempore
1440 4240 1676 4323 quaestionibus

436 4425 440 4431 ¹
524 4346 721 4415 tribuendum
749 4367 819 4414 osse
853 4357 925 4431 post
947 4350 981 4413 G.
1006 4349 1173 4413 Hermanni
1195 4367 1286 4414 curas
1310 4351 1390 4411 inter
1412 4345 1519 4413 omnes
1541 4355 1674 4412 constat.

525 4459 583 4534 our
606 4461 727 4541 quidem
752 4464 878 4540 propter
889 4475 1032 4521 versuum
1049 4457 1324 4522 conformationem
1337 4454 1487 4543 Oedipum
1501 4454 1675 4521 Coloneum

526 4584 588 4629 nou
618 4573 688 4647 post
718 4564 767 4630 01.
790 4563 940 4629 LXXXIX
972 4565 1118 4646 scriptam
1145 4581 1217 4627 esse
1247 4562 1278 4625 in
1310 4557 1446 4627 Erfurdti
1477 4561 1527 4623 ed.
1548 4558 1675 4641 ¹Oedipi

525 4673 620 4755 Regis
646 4675 764 4736 monuit
784 4691 813 4754 p.
840 4669 914 4735 tro.
971 4672 1080 4736 Statuit
1107 4673 1188 4734 enim
1220 4669 1259 4732 ab
1282 4668 1341 4733 hae
1362 4667 1541 4752 Olympiade
1564 4677 1675 4748 poetes

524 4783 660 4865 tragicos
683 4780 929 4863 negligentiores
951 4779 1047 4843 luisse
1070 4780 1101 4842 in
1124 4777 1263 4842 versibus
1285 4777 1470 4853 formandis,
1489 4777 1623 4839 maxime
1643 4777 1675 4837 in
