4142 5675
1004 650 1218 714 ..32-

529 819 636 900 cipere
658 817 797 895 student3
833 818 917 881 unde
941 821 1031 884 etiam
1056 839 1111 883 cur
1133 820 1296 901 Polynices
1319 819 1429 901 Oedipi
1453 819 1531 883 lilius
1557 820 1609 884 hie
1632 824 1681 885 in-

529 927 701 1009 terveniat,
737 924 820 1006 quod
842 928 967 1007 saepius
989 946 1054 991 non
1075 928 1310 1007 intellexerunt,
1346 926 1437 989 laoile
1460 934 1566 1007 petest
1587 930 1680 993 intel-

530 1032 593 1114 lepi
606 1031 643 1114 ¹).
689 1031 806 1106 Quihus
840 1031 1070 1098 difficultatibus
1098 1035 1253 1114 superatis
1285 1034 1365 1096 actio
1386 1032 1470 1096 nullo
1493 1033 1556 1096 iam
1579 1036 1677 1116 impe-

531 1139 667 1202 dimento
691 1138 729 1201 ad
752 1138 843 1202 linem
865 1141 1016 1220 pervenit.

617 1246 738 1309 Deinde
761 1264 830 1308 oum
853 1246 1070 1309 Lachmannus
1092 1263 1257 1327 personam
1275 1245 1457 1327 tragoediae
1478 1246 1674 1327 principalem

530 1371 602 1418 esse
635 1353 790 1417 civitatem
821 1353 1038 1419 Thebanorum
1070 1356 1192 1419 sibimet
1221 1356 1319 1435 ipsam
1356 1354 1481 1417 exitium
1519 1361 1673 1435 parantem

530 1467 655 1541 statuat,
687 1460 746 1524 aha
769 1460 890 1524 exsistit
912 1459 1075 1525 difficultas
1098 1468 1264 1543 propterea
1288 1461 1371 1541 quod
1394 1462 1425 1525 in
1448 1468 1606 1542 postrema
1629 1460 1673 1524 ls-

531 1567 623 1630 hulee
646 1574 734 1648 parte
756 1573 819 1630 tuta
842 1565 882 1629 de
904 1567 964 1631 hnc
985 1585 1120 1648 persona
1143 1570 1268 1631 omnino
1291 1567 1391 1632 nullus
1413 1585 1517 1632 sermo
1541 1567 1636 1650 est²t

616 1675 778 1738 Postremo
815 1674 899 1755 quod
934 1673 1148 1738 Lachmannus
1185 1676 1272 1738 initio
1312 1675 1384 1738 belli
1421 1675 1673 1756 Peloponnesiaci

530 1781 773 1845 Atheniensibus
794 1798 943 1844 summum
967 1782 1137 1862 periculum
1158 1777 1346 1845 a‘Thebanis
1361 1780 1560 1845 metuendam
1584 1781 1674 1844 luisse

531 1889 611 1972 dicit,
634 1906 698 1951 non
722 1897 809 1952 recte
832 1907 868 1952 se
890 1889 1008 1954 hahere
1031 1890 1099 1971 ipse
1123 1890 1230 1974 sensit,
1252 1909 1321 1953 curn
1346 1889 1554 1953 delhehanis
1573 1889 1674 1952 dicens

530 1996 713 2077 plerumque
735 1995 869 2059 laederis
892 2013 1016 2078 quoque
1039 1996 1336 2078 Peloponnesiorum
1360 1997 1549 2060 mentionem
1578 1995 1674 2060 iaciat

533 2103 594 2167 Sed
617 2104 648 2167 in
671 2103 774 2168 lahulu
796 2103 854 2167 hos
878 2113 969 2185 poeta
996 2122 1035 2167 ne
1057 2111 1140 2168 tecte
1168 2106 1291 2187 quidem
1319 2105 1520 2189 significavit,
1558 2123 1630 2168 narn
1652 2124 1675 2166 r.

534 2209 613 2275 1311
641 2229 719 2295 sqq,
744 2212 853 2291 quihus
876 2217 994 2292 septem
1018 2211 1060 2275 illi
1083 2213 1236 2294 Polynicis
1260 2214 1337 2276 socii
1360 2218 1598 2296 enumerantur,
1623 2212 1676 2275 hnc

530 2319 640 2382 reterri
664 2336 726 2380 non
747 2327 886 2401 possunt,
909 2337 978 2381 curn
1000 2317 1044 2383 illi
1066 2327 1174 2383 contra
1198 2319 1360 2383 Thebanos
1382 2321 1483 2399 ipsos,
1511 2336 1576 2382 non
1600 2337 1676 2383 con-

531 2433 578 2489 tra
607 2423 816 2488 Athenienses
848 2424 1093 2505 proficiscantur.
1153 2425 1262 2506 Neque
1292 2426 1352 2487 huc
1381 2426 1492 2489 referri
1523 2442 1620 2506 posse
1652 2446 1676 2488 v.

535 2529 615 2592 1531
639 2548 708 2612 sqq.
732 2531 921 2596 Suevernius
936 2530 959 2613 ⁵)
984 2533 1217 2595 demonstravit.

616 2636 723 2717 ltaque
746 2636 828 2700 nulla
851 2644 898 2699 est
920 2655 1023 2720 eausa,
1046 2656 1104 2700 eur
1125 2644 1249 2719 poetam
1271 2637 1330 2700 hae
1345 2635 1448 2699 iahula
1462 2637 1494 2700 in
1515 2636 1586 2717 ipso
1609 2637 1676 2699 belli

530 2744 617 2807 initio
640 2744 752 2807 civium
777 2745 896 2807 animos
920 2743 1044 2826 erigere
1068 2744 1203 2808 voluisse
1225 2749 1378 2824 putemus.
1431 2741 1508 2806 Nam
1538 2743 1602 2807 loci
1630 2744 1677 2825 qui

530 2855 560 2915 in
584 2851 643 2916 hac
667 2854 850 2934 quaestione
873 2854 1047 2936 gravissimi
1069 2860 1148 2935 sunt,
1172 2852 1273 2916 nuth
1293 2871 1360 2933 sqq.
1384 2859 1416 2915 et
1439 2871 1466 2914 v.
1493 2849 1577 2915 1533
1601 2851 1676 2936 eqd]

531 2961 571 3023 de
587 2959 741 3024 Thebanis
757 2968 872 3025 tantum
896 2962 1034 3043 intellegi
1058 2969 1195 3043 possunt.
1240 2962 1319 3023 Hinc
1334 2966 1435 3024 autem
1452 2966 1582 3042 apparet
1596 2960 1677 3024 The·

531 3067 629 3131 hanes
652 3065 749 3130 luisse
767 3066 853 3131 solos
876 3087 895 3131 a
920 3069 1030 3149 quibus
1053 3068 1168 3131 nullum
1190 3066 1362 3148 periculum
1385 3066 1585 3129 metuendum
1610 3086 1676 3133 essa

531 3182 563 3238 et
585 3180 693 3238 contra
717 3192 773 3239 ees
795 3193 878 3238 erma
901 3177 1082 3257 gravissima
1105 3177 1242 3257 ipsorum
1264 3174 1391 3237 deorum
1404 3174 1565 3255 promissis
1587 3175 1676 3239 mini-

531 3290 624 3346 strate
648 3300 718 3345 esse
742 3283 861 3347 civibus
871 3283 936 3347 suis
949 3282 1121 3363 Sophocles
1135 3282 1191 3343 hae
1204 3280 1305 3343 tabula
1320 3278 1511 3361 persuadere
1524 3278 1676 3344 voluerit.

618 3387 673 3451 Cui
696 3397 807 3470 poetae
831 3391 961 3453 consilio
986 3397 1017 3452 et
1040 3396 1110 3452 anto
1133 3387 1166 3451 C.
1181 3387 1406 3450 Lachmannnm
1418 3384 1677 3469 A.Boechhius⁵)

406 3576 408 3581 y
532 3502 562 3557 et
585 3499 656 3574 post
679 3511 748 3556 aum
772 3492 823 3556 vel
850 3499 983 3558 maxime
1006 3495 1194 3560 Suevernius
1223 3511 1263 3557 eo
1295 3511 1385 3573 quern
1416 3491 1578 3555 citavimus
1609 3493 1677 3556 loco

532 3601 682 3680 aptiorem
714 3601 910 3666 occasionem
941 3604 1082 3667 invenire
1114 3597 1173 3663 sibi
1208 3600 1265 3663 visi
1295 3604 1366 3662 sunt
1393 3597 1423 3659 in
1447 3596 1572 3681 01119,
1596 3599 1678 3662 l:

607 3848 694 3924 1101.
713 3849 896 3906 Suererniurn
916 3851 986 3907 dher
1004 3851 1049 3905 die
1069 3850 1178 3905 ahsicht
1196 3848 1251 3903 und
1272 3849 1327 3902 neit
1346 3847 1395 3901 des
1406 3844 1533 3917 Oedipus
1553 3846 1606 3900 sul
1619 3846 1679 3901 llo·

533 3944 613 3998 lonos
632 3945 661 3998 in
680 3942 846 4014 abhandlpg.
865 3944 915 3998 der
934 3943 1039 4013 kdnipl.
1059 3932 1203 3997 alademie
1230 3943 1279 3996 der
1304 3938 1532 3996 wissenschaften
1551 3954 1589 3992 su
1609 3934 1681 3992 Ber-

533 4035 581 4091 lin.
615 4034 679 4106 jahn
702 4034 780 4098 1828,
798 4051 825 4104 p.
845 4037 872 4087 6.

604 4127 631 4198 2)
651 4123 693 4184 ct.
712 4123 846 4182 Suerern.
865 4125 883 4181 l.
903 4143 928 4179 e.
948 4142 975 4197 p.
994 4127 1021 4181 4.

603 4215 891 4291 mhepssq

605 4308 633 4383 4)
647 4306 751 4381 χοῧτως
770 4307 859 4382 ἇδῇον
876 4307 952 4375 »ἕνθ’
970 4307 1111 4374 ἐνοικήσεις
1128 4306 1208 4360 πόλιν

650 4400 807 4471 σπαρτῶν
825 4399 873 4454 ἀπ’
897 4400 1013 4470 ἀνδρῶν.

603 4492 631 4561 d)
651 4490 775 4547 Graecae
796 4491 954 4562 tragoediae
975 4491 1146 4563 principum,
1173 4489 1322 4560 Aeschyli,
1343 4488 1503 4560 Sophoclis,
1529 4484 1680 4562 Euripidis,

534 4601 598 4637 nurn
618 4600 659 4648 es,
677 4600 748 4655 quae
768 4592 924 4655 supersunt,
944 4592 972 4638 et
990 4582 1110 4654 genuina
1129 4582 1220 4635 omnia
1240 4582 1303 4644 sint,
1321 4591 1351 4635 et
1370 4582 1456 4635 torma
1469 4579 1608 4652 primitiva
1620 4598 1682 4635 ser-
1717 4624 1718 4659 q

534 4685 603 4740 rats,
621 4694 657 4731 en
676 4693 772 4732 eorum
793 4676 903 4731 familiis
923 4676 1025 4750 aliquid
1046 4675 1146 4730 debent
1165 4691 1198 4728 ex
1217 4673 1251 4727 iis
1266 4674 1358 4729 tribui.
1383 4671 1593 4742 Heidelberpse
1616 4672 1681 4730 1808

534 4788 560 4841 p.
583 4769 645 4825 187.
