4142 5675
929 688 966 699 ..
1014 652 1056 717 35
1085 659 1143 699 ’-

409 797 412 828 ³
459 826 591 908 primum
622 824 654 887 id
687 842 726 885 ne
760 826 972 887 necessarium
1002 824 1126 905 quidem
1153 840 1225 887 esse
1253 824 1312 886 iam
1345 824 1383 887 A.
1408 820 1613 914 Bnechhius1)

459 929 626 1012 exposuit,
657 937 822 1011 propterea
853 928 936 1011 quod
967 929 1010 992 illi
1038 944 1148 991 versus
1176 945 1240 990 non
1269 926 1309 991 ad
1338 934 1460 1007 tempus
1490 925 1614 988 fabulae

458 1036 612 1118 scriptae,
647 1035 700 1097 sed
724 1035 762 1097 ad
784 1034 896 1117 Oedipi
918 1043 949 1099 et
971 1035 1083 1098 Thesei
1114 1042 1246 1098 aetatem
1276 1036 1465 1117 pertineant;
1501 1032 1614 1096 deinde

461 1158 528 1204 non
552 1140 619 1202 veri
643 1138 791 1204 dissimile
814 1146 870 1224 est,
894 1158 1068 1223 quanquam
1094 1140 1170 1203 cb.
1184 1137 1412 1216 Hermaunus2)
1431 1137 1511 1200 hanc
1534 1156 1615 1201 oon-

458 1245 612 1307 ieoturam
636 1261 698 1307 non
722 1244 878 1327 probavit,
907 1244 989 1325 quod
1016 1251 1143 1325 poetam
1170 1243 1243 1307 ideo
1266 1244 1380 1306 civitati
1401 1242 1613 1306 Thebanorum

458 1365 593 1430 parcere
617 1348 731 1431 dicunt,
755 1346 827 1430 quia
843 1350 909 1432 ipsa
932 1349 982 1411 illa
1005 1354 1109 1411 aetate
1128 1348 1294 1413 factionem
1318 1348 1450 1429 aliquam
1474 1349 1522 1411 sui
1544 1353 1613 1410 stu-

464 1452 585 1515 diosam
617 1451 731 1515 Thebis
763 1450 971 1516 Athenienses
1007 1451 1188 1535 habuerint,
1228 1452 1311 1532 quod
1338 1453 1447 1515 testari
1473 1450 1615 1514 videmus

458 1556 555 1621 Tbuc,
585 1555 640 1637 lv,
668 1552 730 1618 76:
777 1556 822 1642 τῷ
850 1554 912 1641 γὰρ
941 1553 1144 1640 Ἱπποκράτει
1178 1577 1206 1619 a.
1226 1554 1305 1617 si.
1336 1574 1439 1636 neque
1480 1572 1614 1634 unquam

457 1658 522 1728 illis
567 1660 757 1742 temporibus
798 1661 889 1724 talem
924 1661 1093 1725 lectionem
1126 1661 1239 1725 Thebis
1271 1660 1408 1725 defuisse
1441 1656 1615 1738 constat5).

456 1762 620 1826 Postremo
645 1765 735 1827 etiam
758 1764 817 1827 alia
840 1783 929 1845 quarn
953 1764 987 1829 C.
1010 1766 1043 1827 F.
1066 1764 1294 1848 llermannus4)
1312 1766 1378 1828 iniit
1399 1766 1458 1846 via,
1480 1771 1515 1826 ut
1533 1761 1614 1824 illam

456 1866 668 1931 difficultatem
691 1867 900 1952 expediamus,
924 1869 1100 1949 procedere
1123 1868 1237 1952 licebit,
1259 1869 1286 1931 si
1310 1886 1419 1931 omnes
1440 1867 1539 1949 locos,
1562 1866 1614 1946 qui

457 1972 584 2037 taudem
609 1973 740 2053 aliquam
762 1972 936 2037 Thebarum
958 1976 1136 2057 continent,
1161 1992 1178 2035 a
1199 1972 1322 2036 iuniore
1345 1971 1500 2052 Sophocle
1523 1968 1614 2033 addi·

456 2072 508 2140 los
531 2092 603 2139 esse
627 2076 834 2139 statuerimus.

546 2179 585 2242 Ut
607 2179 741 2261 denique
762 2181 929 2245 redeamus
952 2178 992 2242 ad
1016 2187 1157 2243 veterum
1180 2178 1372 2261 testimonia,
1404 2186 1525 2258 tempus
1548 2194 1610 2257 quo

458 2282 634 2346 Coloneum
656 2284 800 2364 scriptam
824 2303 895 2349 esse
917 2283 1098 2346 coniicimus
1120 2283 1168 2345 01.
1189 2281 1250 2366 89,
1279 2280 1300 2343 4
1322 2281 1476 2363 Sophocle
1500 2297 1612 2342 annum

458 2395 576 2469 agente
598 2388 861 2471 septuagesimum
883 2388 1022 2467 quintum
1046 2386 1161 2467 optime
1179 2386 1324 2467 congruit
1346 2386 1407 2467 eis,
1438 2402 1518 2465 quae
1544 2400 1612 2445 me-

456 2490 576 2552 moriae
599 2488 718 2570 prodita
741 2496 822 2572 sunt,
843 2489 918 2553 licet
940 2508 1003 2553 non
1026 2489 1073 2554 eis
1097 2509 1177 2572 quae
1198 2490 1341 2553 invenias
1363 2487 1444 2569 apud
1455 2487 1519 2552 Val
1530 2487 1611 2550 blax.

457 2593 479 2655 l.
503 2610 542 2676 o.,
566 2609 645 2674 quae
669 2593 793 2675 quidem
814 2600 901 2658 recte
922 2593 962 2656 Α.
982 2590 1191 2678 Boechbius⁵)
1213 2593 1374 2675 perinepta
1395 2610 1467 2657 esse
1488 2591 1612 2655 iudica-

457 2699 503 2761 vit
525 2715 563 2760 ac
593 2699 721 2779 singulis
758 2699 827 2763 lere
856 2697 986 2763 vocibus
1009 2697 1226 2764 declamatoris
1247 2698 1384 2761 indolem
1406 2715 1482 2761 vera
1504 2714 1611 2777 parum

458 2809 619 2866 curantem
641 2801 700 2866 sed
722 2804 946 2894 ultramodum
978 2822 1032 2869 res
1062 2812 1303 2888 exaggerantem
1328 2802 1518 2884 cognovisse
1543 2802 1610 2865 iure

458 2907 519 2972 sibi
542 2907 625 2970 visus
648 2914 706 2972 est.

544 3010 722 3092 Priusquam
752 3019 852 3076 autem
886 3013 967 3077 hano
993 3013 1033 3075 de
1056 3011 1166 3092 Oedipi
1189 3011 1320 3075 (tolonei
1350 3010 1485 3091 scriptae
1508 3018 1610 3076 aetate

459 3114 672 3194 quaestionem
704 3113 857 3179 discutere
891 3118 1068 3197 coepimus,
1100 3116 1223 3178 ratione
1253 3133 1313 3195 qua
1343 3122 1439 3178 metra
1467 3134 1486 3178 a
1518 3122 1610 3196 poeta

458 3215 651 3282 conformata
682 3219 743 3282 sint
771 3237 840 3283 eam
867 3222 963 3300 ipsam
994 3235 1085 3298 quam
1115 3219 1196 3280 tueri
1226 3215 1396 3280 studuimus
1425 3218 1607 3282 sententiam

457 3320 510 3384 vel
533 3322 663 3404 maxime
686 3323 894 3387 commendari
918 3319 1196 3404 comprobavimus.

963 3492 1050 3574 dapat
1071 3494 1107 3557 ΙΙ.

945 3636 1071 3688 aarum
1086 3637 1118 3685 v.

544 3756 607 3821 lam
646 3772 722 3819 sane
755 3755 903 3837 quispiam
935 3759 1138 3842 quaesiverit,
1182 3777 1237 3821 our
1272 3758 1353 3820 banc
1384 3757 1607 3838 quaestionem,

458 3879 539 3941 quae
553 3880 571 3925 a
585 3861 744 3943 proposito
760 3868 866 3926 nostro
883 3861 1014 3926 alienior
1037 3880 1108 3928 esse
1123 3863 1272 3944 videatur,
1295 3869 1355 3924 tam
1374 3861 1469 3943 longa
1485 3862 1607 3942 digres-

457 3967 548 4031 sione
568 3965 811 4028 tractaverimus.
857 3966 1179 4033 hludatharium
1201 3967 1331 4031 alienior
1353 3981 1442 4041 esse,
1475 3984 1545 4031 nam
1569 3986 1607 4030 ea

456 4069 564 4134 saltem
585 4067 736 4133 sententia
760 4068 859 4132 adhuc
882 4087 963 4134 aaa.
987 4070 1037 4135 dd.
1060 4079 1189 4157 tenetur,
1212 4090 1272 4155 qua
1295 4070 1375 4135 hano
1395 4070 1527 4134 fabulam
1542 4072 1605 4154 Ty-

456 4192 557 4238 ranno
589 4181 623 4236 ut
654 4171 764 4237 ordine
787 4172 829 4235 ita
850 4172 941 4236 etiam
964 4182 1067 4239 aetate
1089 4180 1294 4257 posteriorem
1317 4192 1389 4242 esse
1411 4173 1604 4257 censeant⁶).

530 4365 556 4432 l)
572 4361 633 4419 lud.
651 4364 727 4420 lectt.
744 4382 791 4421 un.
809 4364 933 4424 benolio.
955 4377 1022 4423 aaut.
1046 4369 1114 4425 tato
1132 4387 1159 4440 p.
1178 4373 1195 4424 u
1214 4386 1273 4442 sqq.

527 4451 757 4526 fflhcpst

527 4544 554 4614 3)
574 4540 617 4598 cl.
637 4540 772 4599 Saeuam.
788 4545 808 4599 l.
829 4562 854 4600 e.
872 4564 901 4619 p.
920 4549 964 4603 2³.

527 4630 758 4704 hhcpss

529 4720 556 4793 5)
574 4717 674 4777 Graec.
694 4731 762 4793 trag.
781 4723 921 4796 principp.
942 4735 993 4780 etc.
1013 4744 1041 4797 p.
1062 4726 1122 4783 tat.

528 4810 555 4881 6)
574 4807 617 4866 ct.
637 4808 669 4868 C.
687 4809 731 4869 Fr.
751 4810 904 4870 Hermann.
924 4817 941 4870 l.
959 4833 983 4871 c.
1000 4834 1029 4887 p.
1049 4816 1086 4874 ³8
1103 4824 1163 4872 not.
1182 4818 1208 4872 3.
1234 4822 1239 4831 “
