4142 5675
921 612 1134 679 ..16-

466 781 614 843 lectorem
646 778 714 843 eius
747 797 827 861 quoe
858 791 906 845 est
927 779 1032 867 (ἐναγῆ
1055 785 1104 868 (el.
1127 786 1259 869 llesycb.
1282 783 1420 871 ἄναγής·
1444 788 1611 876 καθαρός)

462 889 606 970 recipere
635 905 697 950 non
731 887 894 965 dubitavit3
932 907 1033 971 neque
1063 891 1215 976 Bergkius
1246 895 1276 956 in
1312 895 1449 958 editione
1484 896 1610 960 lebulee

463 994 683 1057 Teuebnitienn
709 999 840 1055 mentem
868 997 1008 1079 mutarit,
1046 1017 1113 1062 eum
1137 1020 1166 1065 v.
1190 1001 1255 1063 658
1278 1020 1324 1082 sq.
1352 1004 1396 1065 sic
1424 1006 1609 1069 emendatos

463 1106 676 1167 constitueret:
1598 1121 1601 1132 ·

719 1208 774 1270 cdv
796 1207 903 1290 ἄναγῆ
927 1206 1025 1291 φίλαν
1045 1208 1196 1295 μηδέποτ’
1217 1212 1305 1294 atrio
1355 1201 1358 1207 ¹

721 1313 779 1377 cdv
800 1311 922 1398 ἀφανεῖ
940 1313 1045 1391 λόγων
1067 1317 1180 1399 ἄμμον
1197 1318 1319 1400 βαλεῖν.

464 1429 531 1501 Ouo
554 1425 706 1489 vocabulo
729 1430 851 1487 remoto
875 1442 977 1505 neque
1001 1425 1040 1487 de
1064 1426 1181 1490 Pericle
1206 1448 1308 1510 neque
1337 1431 1376 1493 de
1399 1432 1466 1494 eius
1489 1433 1608 1496 edver-

462 1536 550 1599 sariis
573 1533 621 1595 bic
644 1532 816 1615 cogitemus
839 1548 971 1592 necesse
992 1540 1056 1612 est,
1090 1552 1147 1595 nec
1170 1536 1194 1597 si
1229 1536 1258 1597 id
1291 1538 1512 1621 retineremus,
1545 1558 1606 1602 ne-

464 1662 553 1707 cesse
577 1649 669 1704 esset.
715 1639 833 1702 Eodem
857 1646 941 1701 certe
972 1641 1039 1703 iure
1070 1641 1141 1704 licet
1163 1644 1302 1724 cogitare
1325 1644 1364 1707 de
1386 1645 1447 1708 elio
1472 1648 1606 1727 quodem

463 1754 604 1831 bomine,
624 1750 676 1830 qui
699 1747 758 1809 elio
781 1753 918 1827 tempore
941 1747 1062 1827 piaculo
1086 1753 1310 1816 contaminatus
1333 1770 1405 1816 esse
1428 1753 1607 1817 Athenien-

463 1862 548 1923 sibus
571 1858 655 1919 visus
678 1861 745 1937 est,
767 1852 822 1915 sed
846 1871 958 1915 revera
984 1849 1107 1936 α’ναγής
1129 1856 1147 1918 l.
1172 1875 1199 1919 e.
1220 1855 1299 1919 ἄνευ
1320 1855 1419 1936 ἄγους
1440 1859 1517 1938 loit3
1549 1861 1604 1923 sed

462 1970 501 2032 de
525 1985 563 2030 eo
585 1983 620 2027 re
643 1962 722 2026 infre
745 1977 848 2024 sermo
871 1962 938 2023 erit.

545 2073 704 2136 Postremo
733 2067 806 2130 dicit
828 2066 996 2132 Sobocllius
1018 2069 1062 2148 (p.
1077 2065 1137 2130 185
1153 2068 1235 2152 sqq.)
1259 2068 1299 2134 de
1321 2069 1447 2133 stesimo
1463 2072 1603 2135 secundo

460 2184 498 2267 (v.
521 2178 583 2243 863
606 2214 645 2223 -
669 2197 697 2238 v.
721 2174 810 2256 910),
835 2191 896 2254 quo
932 2183 1102 2254 temporum
1133 2193 1237 2238 eorum
1264 2176 1472 2240 conditionem
1502 2181 1603 2241 meni·

462 2290 543 2351 leste
565 2283 716 2367 proditum
740 2298 811 2343 esse
834 2286 928 2362 putet.
985 2281 1031 2343 Ac
1062 2288 1224 2361 postquem
1248 2283 1406 2363 quomodo
1429 2285 1603 2347 sententiae

461 2414 541 2477 quae
564 2393 611 2456 bis
635 2389 775 2453 versibus
798 2387 998 2449 eontinentur
1019 2405 1087 2449 cum
1111 2390 1233 2452 notione
1255 2388 1376 2452 lobulee
1390 2390 1602 2454 conciliandae

459 2504 520 2566 sint
541 2498 714 2581 explicavit,
737 2494 838 2559 omnia
861 2492 912 2555 bic
934 2499 994 2555 torn
1017 2495 1217 2576 generalibus
1238 2496 1343 2560 verbis
1361 2514 1508 2577 expresse
1532 2516 1603 2561 esse

460 2611 548 2692 dicit,
571 2615 688 2669 utnon
712 2604 779 2667 siue
802 2602 881 2664 iuste
905 2618 997 2664 ceusu
1021 2608 1145 2682 poetom
1168 2603 1260 2666 etiem
1293 2605 1331 2666 nd
1361 2604 1419 2666 elie
1450 2605 1601 2685 quaedam

458 2734 538 2799 quoe
559 2714 653 2795 ipsius
678 2709 800 2773 lebuine
829 2707 905 2770 lines
938 2708 1204 2789 transgredientur
1235 2713 1411 2792 respexisse
1440 2713 1600 2776 existima-

456 2845 518 2890 res.
564 2823 670 2902 ltaque
692 2817 804 2880 lectum
829 2832 909 2899 esse,
934 2823 966 2879 ut
989 2817 1127 2881 nonnulli
1150 2837 1178 2882 v.
1194 2818 1257 2881 772
1280 2836 1347 2900 sqq.
1363 2820 1383 2904 ¹)
1407 2827 1515 2901 operte
1538 2820 1598 2884 Pe-

458 2934 563 2997 rlclem
586 2927 752 3012 significari
786 2924 919 2986 dixerint
941 2932 1033 3006 etque
1056 2926 1288 2989 Atheniensium
1319 2929 1474 2990 civitatem
1498 2929 1538 2992 eb
1562 2947 1600 2991 eo

457 3043 586 3121 ductum,
610 3030 804 3116 quiquidem
828 3048 897 3092 cum
921 3031 1017 3110 magis
1033 3032 1194 3114 magisque
1217 3034 1385 3113 potentiam
1410 3044 1502 3115 utque
1523 3053 1599 3116 opes

457 3166 530 3211 sues
553 3140 661 3226 augeri
683 3138 799 3201 vellent
823 3144 915 3216 atque
938 3136 1100 3217 superbius
1123 3138 1152 3199 in
1176 3138 1312 3203 foederis
1339 3141 1386 3203 sui
1410 3141 1515 3203 socios
1537 3141 1599 3204 im-

455 3255 572 3336 perium
597 3253 790 3327 exercerent,
813 3243 921 3306 melem
945 3243 1016 3306 belli
1028 3243 1286 3325 Peloponnesiaci
1298 3248 1516 3309 necessitatem
1538 3247 1599 3309 ud-

457 3360 609 3424 duxerint.
659 3354 767 3434 Neque
800 3358 903 3413 temen
934 3367 1040 3412 eorum
1074 3352 1252 3433 opinionem
1282 3353 1356 3416 ferri
1386 3370 1498 3436 posse,
1531 3372 1600 3417 curn

456 3467 560 3532 verbis
583 3481 663 3546 quae
686 3462 746 3523 sint
767 3456 801 3518 cd
823 3453 931 3529 καλῶς
961 3452 991 3517 d³
1013 3454 1088 3535 ἔχον
1116 3456 1209 3521 reddet
1241 3457 1411 3540 πάλαισμα
1444 3463 1601 3526 sententie

455 3577 545 3658 plene
569 3568 722 3634 contrarie
746 3564 949 3627 contineatur.
994 3563 1071 3628 Nem
1094 3566 1177 3646 quod
1211 3567 1337 3647 primum
1370 3567 1515 3630 iniustitia
1547 3575 1599 3631 et-

456 3720 764 3740 —„„,...........-

549 3872 573 3944 t)
601 3867 790 3924 Erroribimus
816 3864 898 3918 verbe
930 3874 959 3918 ut
983 3865 1017 3919 de
1039 3882 1092 3937 que
1119 3883 1149 3920 re
1177 3874 1273 3936 egetur
1300 3866 1408 3920 lucilius
1428 3882 1601 3936 cognoscere

455 3967 555 4020 liceat:

739 4051 816 4122 ὕβρις
834 4050 940 4122 φυτεύει
957 4047 1104 4118 τύραννον·

741 4143 818 4217 ὕβρις
835 4147 859 4198 εἰ
874 4144 980 4198 πολλῶν
998 4142 1168 4217 ὕπερπλησθῇ
1185 4145 1284 4215 μάταν,

741 4236 759 4291 di
779 4239 817 4312 μὴ
834 4236 956 4309 ’πίκαιρα
973 4237 1041 4309 μηδὲ
1060 4240 1238 4308 συμφέροντα,

738 4331 885 4402 ἀκρότατον
904 4325 1057 4396 εἰσαναβᾶσ*

739 4424 877 4495 ἀπότομον
894 4422 1013 4492 ὤρουσεν
1030 4424 1068 4482 εἰς
1085 4421 1219 4492 ἀνάγκαν,

739 4515 794 4569 ἔνθ’
818 4514 850 4568 od
868 4513 933 4567 nodi
946 4516 1072 4584 χρησίμῳ

733 4610 846 4681 χρῆται·
866 4607 893 4661 rd
912 4608 998 4666 καλῶς
1016 4603 1044 4657 d'
1067 4608 1129 4675 ἕχον

738 4706 813 4756 πόλει
822 4704 963 4772 πάλαισμα
972 4701 1072 4770 μήποτε
1082 4698 1160 4750 λῦσαι
1170 4696 1233 4752 θεὸν
1243 4697 1381 4768 αἰτοῦμαι·

739 4795 804 4848 θεὸν
822 4793 853 4846 οὐ
873 4793 941 4858 λήξω
960 4791 1020 4844 ποτὲ
1039 4790 1186 4861 προστάταν
1204 4793 1297 4861 ἴσχων.
