4142 5675
990 657 1204 721 ..34-

527 845 586 891 nos
610 828 721 892 victuri
744 836 867 912 essent,
892 837 982 891 antea
1006 829 1143 893 nondum
1167 831 1290 911 impleta
1316 836 1391 892 erat.
1444 830 1531 902 Onae
1555 829 1680 910 quidem

527 954 592 1000 non
616 936 715 1000 dubiis
740 938 844 1001 verbis
879 956 1027 1019 expressa
1057 945 1104 1001 est
1128 958 1156 1001 v.
1181 935 1264 1001 1520
1286 955 1353 1019 sqq.
1384 936 1522 1000 Thebani
1543 937 1679 1002 nondum

526 1043 686 1123 progressi
710 1048 798 1105 erant
820 1040 858 1105 ad
875 1041 986 1123 Oedipi
1009 1043 1165 1123 tumulum,
1188 1042 1240 1106 nbi
1264 1058 1319 1105 cos
1342 1041 1499 1105 insciosin
1522 1060 1587 1123 quo
1610 1043 1677 1107 solo

528 1155 691 1211 versentur
713 1148 832 1211 cladem
854 1149 1036 1213 incursuros
1065 1168 1136 1213 esse
1156 1150 1207 1214 iile
1230 1150 1437 1231 praedixerat.
1480 1148 1584 1212 Antea
1607 1151 1675 1231 qui-

528 1256 599 1319 dem
620 1256 784 1336 quominus
807 1273 958 1337 prospere
981 1258 1093 1320 bellum
1117 1257 1244 1321 fortuna
1258 1264 1414 1341 gererent,
1436 1256 1553 1320 nullum
1568 1264 1672 1320 exsta-

527 1362 578 1425 bat
598 1361 858 1448 impedimentum,
882 1382 1056 1446 quanquam
1069 1364 1150 1428 banc
1171 1364 1325 1429 fortunam
1346 1381 1410 1427 non
1430 1365 1506 1427 tanti
1531 1380 1604 1427 esse
1627 1364 1672 1425 iu-

528 1467 666 1529 ciendam
690 1468 862 1549 Sophocles
884 1487 1013 1532 monere
1043 1487 1106 1533 non
1129 1468 1336 1552 praetermisit
1358 1486 1387 1531 v.
1412 1468 1475 1532 695
1499 1485 1581 1550 sqq,
1615 1485 1671 1548 quo

527 1569 598 1633 loco
634 1572 763 1650 primam
785 1570 1081 1653 Peloponnesiorum
1114 1581 1146 1636 et
1166 1571 1355 1635 Boeotorum
1387 1572 1591 1652 irruptionem
1613 1571 1671 1635 Ar·

527 1673 669 1738 cbidamo
695 1674 774 1739 duce
794 1674 814 1759 ¹)
837 1694 899 1739 non
921 1677 1021 1740 minus
1045 1694 1136 1758 quam
1158 1676 1295 1739 Xerxem
1316 1674 1441 1737 videtur
1461 1675 1649 1756 respexisse.

613 1778 685 1843 Sola
718 1778 768 1842 bic
801 1799 838 1844 ea
859 1787 956 1844 restat
978 1781 1138 1864 quaestio,
1171 1798 1243 1843 num
1267 1778 1438 1861 Sophocles
1467 1778 1604 1842 fortasse
1635 1778 1673 1841 itu

528 1885 629 1965 potius
651 1903 687 1948 se
708 1886 872 1951 ridendum
897 1888 1093 1969 praebuerit,
1123 1890 1150 1951 si
1173 1887 1291 1951 civibus
1314 1904 1401 1968 spem
1423 1885 1529 1950 facere
1553 1885 1594 1948 de
1617 1885 1673 1949 bo-

527 1992 616 2055 stium
639 1993 737 2057 caede
760 1994 919 2077 voluisset,
944 1996 995 2077 qui
1017 1995 1076 2058 nisi
1100 1994 1252 2059 Oolonum
1275 1996 1443 2077 venissent,
1466 1992 1578 2075 Oedipi
1601 1992 1675 2056 iram

527 2100 664 2186 experiri
687 2102 812 2165 omnino
843 2119 906 2165 non
927 2108 1068 2182 possent.
1120 2100 1183 2167 Sed
1211 2101 1250 2165 ad
1278 2101 1358 2164 banc
1391 2103 1605 2182 quaestionem
1637 2101 1675 2163 itt

528 2206 619 2269 nobis
631 2208 882 2288 respondendum
895 2215 952 2291 est,
975 2217 1007 2271 ut
1023 2209 1114 2271 etiem
1130 2207 1199 2272 urbi
1209 2206 1399 2272 Athenarum
1410 2206 1522 2289 Oedipi
1545 2223 1677 2287 corpore

531 2314 641 2378 Ooioni
663 2316 766 2395 posito
788 2314 976 2396 praesidium
999 2315 1124 2378 aliatum
1151 2333 1223 2379 esse
1245 2314 1399 2398 dicamus,
1436 2316 1528 2399 „quia
1558 2314 1678 2379 bacca

529 2421 656 2487 Boeotis
679 2441 736 2504 per
758 2423 908 2488 Colonum
932 2426 1122 2506 potissimum
1144 2421 1347 2507 adibatnr2).“

615 2531 712 2593 Unum
747 2532 900 2614 reliquum
935 2540 983 2597 est
1021 2540 1250 2615 argumentum,
1295 2530 1379 2613 quod
1418 2550 1436 2594 a
1472 2531 1679 2615 compluribus

530 2644 637 2701 contra
677 2655 744 2701 eam
786 2637 826 2701 de
872 2657 933 2720 qua
965 2639 1015 2702 hic
1049 2641 1151 2721 agitur
1188 2638 1372 2702 sententiam
1413 2637 1538 2703 ullatum
1578 2644 1610 2701 et
1650 2642 1680 2703 in

532 2742 577 2805 eis
604 2740 682 2804 locis
710 2744 842 2823 positum
873 2750 921 2807 est
948 2742 1059 2825 quibus
1091 2760 1152 2806 non
1190 2741 1292 2805 solum
1319 2747 1383 2804 tum
1417 2741 1579 2805 amicitiam
1600 2744 1680 2806 inter

531 2845 741 2910 Athenienses
764 2854 794 2909 et
817 2847 981 2912 Thebanos
1003 2848 1201 2912 intercedere
1232 2847 1393 2929 expressis
1424 2845 1528 2910 verbis
1552 2846 1680 2927 dicatur,

534 2949 591 3011 sed
614 2950 681 3031 ipse
703 2950 922 3014 Thebanorum
945 2951 1053 3014 civitas
1075 2958 1204 3033 propter
1226 2951 1301 3014 iuris
1323 2950 1520 3030 iustitiaeque
1544 2968 1681 3016 amorem

530 3052 682 3130 pandetur.
738 3053 805 3117 Huc
838 3053 980 3117 referunt
1010 3075 1060 3117 vv·
1082 3053 1156 3138 OlO,
1178 3053 1243 3117 619
1277 3061 1309 3118 et
1337 3073 1388 3117 vv.
1410 3050 1493 3136 912,
1515 3051 1580 3116 919
1603 3072 1679 3138 sqq,

531 3157 604 3242 929,
629 3157 693 3222 937
716 3175 818 3241 neque
840 3176 896 3223 eos
922 3159 1033 3223 autad
1057 3159 1086 3222 id
1116 3165 1237 3239 tempus
1260 3177 1322 3239 quo
1345 3157 1448 3221 iabuia
1474 3159 1587 3241 scripta
1611 3177 1681 3224 esse

531 3268 682 3327 statuatur
712 3263 828 3328 autad
857 3270 952 3328 totum
988 3271 1103 3345 poetae
1138 3262 1397 3327 consiliumillud
1429 3262 1680 3329 accommodatos

532 3383 603 3430 esse
625 3366 827 3430 contendunt.

617 3469 658 3534 At
689 3487 751 3533 non
776 3477 843 3533 erat
862 3476 975 3552 poetae
999 3469 1179 3543 consilium,
1211 3478 1245 3534 ut
1268 3468 1433 3534 Thebanos
1455 3469 1598 3534 hostilem
1623 3473 1681 3535 ad-

532 3591 643 3639 versus
662 3573 872 3638 Athenienses
906 3573 1040 3637 animum
1074 3592 1188 3657 gerere
1213 3575 1392 3638 ostenderet
1414 3575 1588 3657 civiumque
1612 3578 1681 3640 ani-

440 3676 443 3681 ’
532 3698 601 3744 mos
624 3687 732 3744 contm
756 3697 813 3744 eos
838 3678 975 3741 excitare
997 3676 1153 3757 studeret,
1187 3677 1242 3741 sed
1264 3676 1296 3740 id
1318 3679 1418 3742 solum
1441 3680 1471 3742 ei
1493 3681 1683 3761 propositum

532 3787 628 3850 fuisse
650 3803 691 3849 ex
715 3783 816 3848 iabuia
839 3781 982 3847 concludi
994 3789 1105 3866 potest,
1128 3790 1162 3846 ut
1173 3781 1290 3846 civibus
1310 3780 1439 3846 deorum
1463 3799 1522 3865 ope
1546 3782 1624 3846 nibil
1645 3785 1683 3849 ab

532 3892 592 3957 illis
614 3891 810 3957 metuendum
836 3909 907 3956 esse
929 3889 1144 3973 persuaderet.
1187 3889 1350 3953 Huicvero
1373 3889 1504 3953 consilio
1521 3907 1585 3954 non
1603 3909 1684 3956 con-

533 4000 660 4061 trarium
681 3996 776 4062 fuisse
800 4004 936 4080 apparet,
958 3995 984 4058 si
1008 3994 1129 4058 illorum
1143 3993 1269 4076 quidem
1290 3995 1444 4058 civitatem
1461 3995 1601 4075 quamvis
1625 4011 1685 4058 eo-

533 4123 600 4168 rum
634 4120 713 4168 unus
747 4101 849 4167 hostili
884 4118 960 4181 erga
992 4099 1078 4162 cives
1107 4116 1182 4162 suos
1213 4100 1314 4162 animo
1338 4116 1374 4162 se
1397 4101 1532 4182 gesserit
1553 4099 1687 4163 amicitia

536 4210 581 4275 eis
602 4209 796 4272 coniunctam
817 4211 1078 4287 repraesentaret.

622 4310 742 4374 Deinde
755 4309 839 4390 quod
862 4308 944 4371 banc
967 4306 1129 4370 amicitiam
1151 4325 1220 4369 cum
1244 4325 1282 4370 eo
1300 4312 1447 4389 tempore,
1466 4323 1527 4388 quo
1552 4304 1687 4370 subulam

536 4421 678 4500 scriptam
703 4432 774 4478 esse
798 4419 972 4496 censeatur,
996 4412 1157 4476 conciliari
1181 4412 1308 4476 omnino
1333 4429 1395 4475 non
1417 4427 1512 4493 posse
1529 4411 1688 4493 obiiciunt,

611 4642 636 4710 1)
658 4640 747 4706 Quem
766 4659 790 4695 v.
811 4641 865 4694 702
885 4639 1069 4710 significatum
1090 4656 1152 4693 esse
1173 4646 1277 4709 putant,
1297 4635 1346 4690 sed
1367 4635 1400 4689 de
1419 4633 1541 4689 lectione
1562 4649 1622 4689 non
1640 4650 1690 4688 sa·

538 4732 573 4787 tis
593 4738 718 4795 constet,
747 4738 778 4784 ut
795 4731 849 4784 iam
869 4730 903 4783 de
924 4747 956 4783 ee
976 4746 1006 4783 re
1026 4730 1150 4783 iudicare
1172 4728 1320 4801 possimus.

609 4822 636 4887 2)
656 4817 697 4875 Gi.
719 4817 750 4874 C.
770 4818 814 4873 Fr.
835 4817 987 4874 Hermann.
1007 4819 1025 4872 1.
1047 4837 1071 4872 o.
1090 4836 1118 4889 p.
1138 4820 1173 4873 46
1192 4827 1247 4872 not.
1267 4820 1312 4872 26.
