4142 5675
1010 641 1202 703 ..4-

527 803 672 868 sulficere
694 805 810 870 dehere
834 808 975 873 omnihus
998 817 1105 873 notum
1130 816 1186 873 est.
1232 810 1338 892 ltaque
1366 812 1513 894 quidquid
1544 816 1582 878 ad
1605 836 1673 881 rem

529 919 664 975 nostram
686 912 791 975 tacere
815 922 930 997 potest,
967 934 1056 996 quarn
1080 917 1311 980 accuratissime
1333 919 1581 1002 investigandum
1605 926 1674 1006 erit,

527 1021 720 1100 maximeque
744 1021 908 1085 videndum
934 1023 1005 1103 qnid
1029 1023 1132 1086 locum
1156 1023 1272 1087 hahere
1296 1041 1358 1087 non
1374 1028 1589 1107 possitneque
1614 1030 1673 1094 iam

527 1127 595 1189 iure
617 1127 666 1190 hic
691 1128 854 1192 afferatur:
880 1132 919 1194 ita
934 1132 1013 1192 enim
1030 1133 1144 1212 optime
1167 1134 1246 1193 viam
1271 1130 1359 1194 nohis
1383 1134 1589 1218 munierimus,
1613 1156 1673 1219 qua

528 1237 564 1299 ad
584 1237 742 1298 veritatem
768 1257 857 1318 quam
882 1242 1020 1329 proxime
1045 1239 1208 1321 accedere,
1230 1242 1255 1302 si
1280 1241 1377 1302 minus
1401 1243 1496 1321 ipsam
1519 1246 1675 1327 attingere

528 1342 629 1407 liceat.

613 1452 742 1514 Primum
764 1459 903 1515 veterum
919 1474 999 1536 quae
1022 1455 1061 1518 ad
1087 1458 1300 1536 quaestionem
1326 1461 1462 1517 nostram
1486 1460 1674 1544 pertineant,

526 1560 702 1623 testimonia
728 1559 893 1642 diligenter
916 1565 1095 1625 examinare
1120 1563 1309 1644 propositum
1335 1569 1393 1625 est.

1038 1732 1124 1811 dapat
1146 1734 1167 1794 l.

613 1880 661 1941 Ex
685 1886 867 1961 argumento
893 1879 982 1943 huius
995 1879 1178 1961 tragoediae
1201 1879 1279 1944 haec
1296 1888 1429 1961 possunt
1450 1877 1568 1944 afferri:
1585 1881 1672 1957 „etot

526 1984 639 2048 δὲκαὶ
668 1981 698 2049 ol
731 1982 898 2070 πρότερον,
933 1984 972 2048 οὐ
1004 1987 1163 2072 τύραννον
1196 1985 1297 2050 adada
1329 1986 1572 2072 ἐπιγράφοντες,
1607 1986 1673 2052 διὰ

526 2092 618 2167 τοὺς
641 2090 812 2178 χρόνους
832 2094 906 2155 τῶν
928 2090 1212 2156 διδασκαλιῶν
1239 2096 1297 2163 ,καὶ
1325 2092 1380 2157 ded
1402 2093 1441 2156 τὰ
1464 2093 1678 2180 πράγματα.“

525 2201 638 2264 Fabula
673 2201 766 2284 igitur
797 2207 867 2262 ante
892 2200 1043 2281 Oedipum
1067 2202 1243 2273 Coloneum,
1276 2212 1344 2266 acta
1375 2222 1445 2267 esse
1475 2202 1601 2282 dicitur;
1641 2212 1672 2267 at

525 2307 585 2371 hoc
599 2307 672 2370 nihil
689 2309 778 2389 valet,
803 2325 872 2370 cum
889 2326 988 2388 aeque
1012 2310 1202 2392 ignoremus,
1228 2328 1288 2390 quo
1312 2316 1453 2393 tempore
1476 2311 1556 2374 hanc
1577 2321 1674 2394 pocta

526 2414 667 2477 ediderit.

612 2523 654 2585 lta
678 2522 790 2585 lactum
815 2530 872 2606 est,
897 2529 930 2584 ut
952 2523 1010 2584 viri
1035 2521 1119 2585 docti
1142 2522 1220 2588 alios
1243 2524 1347 2607 locos,
1376 2526 1426 2607 qui
1449 2525 1509 2588 huc
1531 2528 1672 2607 pertine-

525 2637 604 2712 rent,
625 2648 740 2693 summa
761 2635 948 2711 quaererent
982 2629 1139 2711 diligentia
1173 2648 1274 2712 neque
1309 2639 1410 2695 tamen
1440 2632 1518 2696 ullos
1542 2643 1673 2714 possent

525 2740 665 2803 iuvenire
688 2740 746 2802 nisi
770 2738 865 2814 duos,
899 2740 950 2821 qui
971 2746 1101 2802 exstant
1133 2739 1212 2821 apud
1236 2739 1428 2804 Athenaeum
1450 2742 1479 2806 X
1505 2761 1534 2823 p.
1558 2740 1671 2806 45311

526 2853 556 2908 et
578 2846 629 2908 Vll
652 2864 682 2926 p.
706 2844 829 2909 1161.
874 2847 1003 2909 Primum
1026 2847 1120 2928 igitur
1143 2847 1324 2931 videndum,
1358 2849 1430 2929 quid
1459 2849 1505 2912 his
1529 2850 1672 2913 tribuen-

529 2953 600 3018 dum
624 2956 672 3016 sit.

611 3060 731 3122 Nostris
754 3058 943 3140 temporibus
966 3061 1022 3122 viri
1046 3060 1215 3124 doctissimi
1239 3061 1279 3124 da
1302 3062 1500 3145 grammatica
1525 3063 1606 3146 eius,
1631 3063 1677 3143 de

526 3185 588 3251 quc
610 3166 660 3231 hic
683 3167 833 3249 legimus,
866 3166 982 3234 ,Calliae
1005 3166 1170 3251 tragoedia
1193 3169 1366 3232 accuratius
1389 3168 1534 3231 dixerunt
1550 3167 1586 3253 ¹),
1619 3173 1674 3252 qui

527 3275 753 3339 diversissimas
785 3273 825 3336 de
857 3292 893 3336 aa
924 3277 1095 3338 sententias
1117 3275 1326 3357 protulerunt,
1361 3276 1418 3338 sed
1448 3295 1555 3339 eurum
1585 3276 1673 3340 litem

526 3383 678 3446 hocloco
703 3382 847 3444 dirimere
877 3382 1003 3461 longum
1029 3386 1158 3443 estnec
1184 3382 1293 3443 virium
1321 3399 1458 3446 mearum
1483 3383 1675 3468 imbecillitas

526 3490 597 3552 huic
626 3489 787 3571 proposito
819 3504 909 3565 quam
943 3485 1120 3550 difficillimo
1154 3486 1294 3550 sufficiat.
1347 3488 1404 3550 Vel
1432 3491 1524 3552 etiam
1555 3490 1673 3573 dubito,

526 3607 626 3661 utrum
651 3598 775 3661 omnino
800 3594 959 3675 quisquam
983 3597 1009 3655 ei
1024 3593 1204 3658 satisfacere
1222 3596 1337 3676 possit;
1359 3614 1461 3678 neque
1485 3599 1565 3661 enim
1588 3600 1673 3661 mul-

418 3759 420 3763 ,
526 3713 588 3769 tum
612 3723 669 3769 nos
692 3702 835 3786 prohihet
866 3721 934 3766 cum
958 3701 1188 3786 311111111ἰοῖ)
1213 3702 1336 3767 dicere:
1367 3704 1546 3768 Athenaeus
1570 3707 1674 3770 macht

526 3833 582 3878 uns
606 3813 725 3877 wieder
747 3809 859 3876 eiuutal
886 3810 1064 3893 unmoglich
1096 3829 1157 3876 von
1188 3812 1297 3874 seineu
1330 3811 1587 3894 gadaukonlosen
1611 3834 1673 3876 ex-

528 3930 657 4004 cerpten
680 3922 741 3984 den
763 3918 892 3983 rechten
917 3925 1030 3981 nutzen
1056 3936 1095 3980 zu
1118 3917 1241 3980 ziehen.
1286 3919 1327 3983 At
1351 3938 1387 3983 ea
1411 3927 1609 4002 consequae
1634 3925 1673 3985 ad

526 4030 739 4112 quaestionem
763 4032 900 4090 nostram
922 4023 1028 4087 lacere
1051 4025 1187 4106 possint,
1220 4043 1333 4088 eruere
1350 4025 1540 4089 conabimur.

600 4265 624 4333 1)
646 4262 701 4330 Qut
721 4263 792 4319 hauc
811 4266 1002 4338 quaestionem
1022 4265 1180 4321 accuratius
1200 4274 1320 4321 tractare
1338 4263 1436 4327 valiat,
1454 4280 1504 4316 eos
1525 4263 1672 4320 referimus

526 4358 560 4412 ad
586 4354 621 4412 G.
645 4354 837 4412 Hermarchum
869 4359 897 4414 in
920 4358 1170 4423 ⁴observationibus
1193 4359 1227 4414 de
1253 4357 1377 4413 Graecae
1406 4355 1516 4424 liuguae
1544 4356 1671 4412 dialectis

525 4450 569 4504 rel
587 4465 702 4521 opuacc.
722 4449 775 4503 rol.
797 4449 806 4503 l
828 4468 853 4521 p.
874 4452 924 4505 137
943 4467 1013 4523 sqq..
1032 4448 1063 4506 tt.
1082 4448 1116 4505 G.
1136 4449 1316 4506 Welcharum
1336 4448 1363 4500 iu
1381 4445 1523 4501 Welcher.
1543 4445 1672 4504 etNaelr.

525 4540 599 4596 Mus.
619 4539 708 4594 ltheu.
729 4541 781 4596 rol.
801 4539 822 4594 l.
843 4539 931 4596 Boou.
951 4542 1020 4597 1833
1041 4560 1068 4614 p.
1084 4544 1134 4597 137
1153 4559 1223 4614 sqq„
1242 4537 1293 4594 Th.
1306 4537 1457 4609 Berglrium
1476 4538 1504 4591 in
1525 4554 1672 4596 commen-

527 4641 586 4687 tatt.
605 4633 639 4686 do
659 4632 785 4704 reliquiis
806 4633 966 4688 comoediae
986 4635 1095 4690 Atticae
1115 4633 1254 4706 autiquae,
1276 4632 1386 4705 Lipsiae
1400 4632 1470 4688 1838
1488 4649 1515 4703 p.
1533 4633 1583 4686 116
1603 4650 1671 4706 sqq„

526 4724 728 4781 Bernhardium
740 4725 767 4780 in
783 4723 903 4781 Grundr.
916 4727 943 4781 d.
957 4743 996 4796 gr.
1011 4725 1242 4797 Literaturgesch.
1255 4726 1325 4797 pt&
1344 4743 1385 4798 aq.
1405 4723 1447 4779 rel
1467 4741 1495 4794 p.
1514 4723 1568 4778 578
1585 4724 1629 4779 ed.
1646 4725 1670 4780 l.

598 4821 624 4890 2)
644 4819 663 4874 l.
684 4836 709 4875 a.
728 4836 756 4892 p.
774 4821 820 4875 29.
