4142 5675
957 479 961 486 .
1089 490 1093 497 Α,
1139 451 1161 498 ,gr

963 493 967 506 ‘
1108 499 1138 534 ,66

939 649 979 663 ..
1027 613 1067 679 15
1111 644 1154 660 ..-

425 834 430 845 ·
466 795 565 862 ulitur
587 809 616 854 v.
638 787 703 852 656
725 802 804 867 666,
827 784 939 864 umbus
962 784 1093 869 cuorus,
1114 801 1185 848 cun
1206 783 1314 847 Creon
1326 778 1526 844 iureiurando
1551 780 1616 841 ori·

467 901 552 963 arina
576 899 606 960 in
631 913 667 959 se
689 897 841 975 congesta
863 890 1042 975 reiecisset,
1074 910 1136 955 una
1160 909 1229 954 curn
1252 890 1373 954 locusta
1395 888 1547 969 Oedipum
1569 887 1617 949 liis

467 1008 575 1069 uerbis
597 1012 707 1086 rogat,
732 1009 765 1064 ut
789 999 880 1061 iidem
904 1002 933 1061 ei
956 1018 996 1061 ne
1018 1007 1160 1063 recuset:

512 1114 575 1173 Xe.
597 1107 703 1171 πιθοῦ
726 1101 870 1187 θελήσας
891 1101 1057 1186 φρονήσας
1077 1100 1102 1165 τ’
1124 1103 1219 1178 ἄναξ,
1242 1100 1402 1183 λίσσομαι·

517 1214 590 1279 Old.
612 1216 641 1277 ri
663 1229 713 1275 car
734 1208 844 1283 θέλεις
867 1206 930 1293 6ῆί
951 1205 1102 1289 elnoldo,-

513 1327 575 1386 Xo.
598 1320 654 1385 τὸν
677 1320 756 1383 οὔτε,
768 1321 846 1402 πρὶν
864 1315 980 1401 νήπιον
995 1319 1056 1381 νῦν
1076 1314 1149 1380 a'dr
1162 1314 1247 1401 ὅρκῳ
1260 1316 1365 1401 μέγαν
1377 1311 1573 1376 καναίδεσαι.

415 1472 418 1475 -
515 1428 590 1494 ord.
615 1426 701 1493 οἶσθ’
723 1423 782 1490 οὖν
804 1425 826 1487 ἃ
848 1423 986 1515 peplum

909 1538 972 1599 Xe.
994 1532 1081 1597 olda.

1140 1635 1214 1699 Οῑδ.
1237 1633 1339 1720 φράζε
1361 1633 1419 1720 δή·
1441 1634 1470 1697 ai
1490 1631 1570 1717 φής,

518 1751 583 1811 Χο.
605 1746 661 1811 τὸν
681 1746 781 1833 ἐναγῆ
803 1747 901 1832 φίλον
920 1744 1033 1832 pp‘noa'
1057 1744 1093 1808 ἐν
1115 1744 1203 1823 alcio

599 1854 658 1917 urin
679 1851 805 1939 dperet
825 1854 911 1942 λόγῳ
941 1851 970 1915 α’
1000 1853 1116 1933 ἄτιμον
1149 1848 1272 1931 βαλεῖν.
1302 1851 1399 1932 (Laur.
1422 1850 1451 1914 A
1472 1847 1572 1927 λόγον

1218 1959 1332 2038 ἄτιμον
1351 1956 1528 2041 tesauro).

465 2069 539 2132 lure
562 2067 686 2149 quidem
709 2070 777 2131 viro
802 2067 896 2132 docto
920 2067 1105 2131 uocabulum
1129 2065 1213 2146 quod
1235 2085 1264 2128 v.
1287 2066 1352 2129 666
1374 2066 1488 2147 legitur
1513 2062 1611 2148 ἐναγῆ

464 2194 599 2259 magnae
621 2175 675 2239 luit
698 2175 874 2258 offensioni,
898 2195 965 2239 cum
988 2174 1017 2237 id
1043 2176 1083 2236 de
1101 2174 1236 2237 Creonte
1259 2174 1384 2254 proprio
1409 2178 1493 2235 certe
1517 2191 1611 2236 sensu

463 2282 527 2345 dici
554 2299 616 2344 non
645 2299 738 2363 posse
770 2282 989 2359 intellexisset3
1019 2281 1077 2344 sed
1106 2282 1185 2343 ratio
1219 2298 1275 2361 ea,
1305 2275 1423 2360 quaid
1453 2279 1610 2359 explicare

463 2396 615 2473 conatur,
645 2391 767 2451 minime
796 2389 958 2470 probanda
989 2396 1047 2451 est.
1101 2387 1285 2451 observavit
1315 2388 1396 2449 euim
1425 2386 1456 2449 id
1487 2387 1611 2468 proprie

462 2498 608 2577 usurpari
631 2496 671 2559 de
695 2496 921 2559 Alcmaeonidis
944 2503 976 2558 et
998 2497 1078 2577 ipsis.
1095 2503 1127 2557 et
1150 2495 1281 2575 posteris
1305 2513 1413 2557 eorum
1430 2493 1465 2576 ¹),
1489 2514 1526 2556 ac
1549 2495 1610 2556 Pe-

461 2604 572 2667 riclem
595 2619 731 2686 quoque,
754 2605 805 2684 qui
828 2611 965 2666 materna
989 2604 1112 2685 origiue
1133 2601 1224 2666 liuius
1246 2604 1349 2685 gentis
1371 2604 1524 2683 particeps
1547 2601 1611 2684 luit,

462 2713 548 2773 inter
569 2708 693 2786 ἐναγεῖς
715 2711 843 2773 relatum
868 2728 939 2773 esse
953 2709 989 2793 ²).
1034 2711 1109 2773 'lum
1132 2717 1233 2772 autem
1256 2729 1323 2771 cum
1346 2711 1441 2788 pestis
1462 2728 1543 2789 quae
1560 2709 1611 2770 di-

461 2818 578 2881 vinitus
601 2818 694 2883 missa
718 2836 789 2884 esse
811 2818 978 2903 videretur,
1001 2819 1031 2881 in
1056 2820 1140 2880 cives
1164 2819 1308 2901 saeviret,
1331 2816 1426 2880 luisse
1448 2818 1501 2898 qui
1522 2835 1612 2880 com-

462 2945 585 2989 munem
616 2928 748 2990 omnium
780 2928 999 2990 necessitatem
1030 2928 1067 2989 ab
1092 2925 1381 2989 Alcmaeonidarum
1409 2925 1496 3006 culpa
1525 2925 1611 2988 deri-

461 3043 574 3098 ventes
597 3034 746 3098 Periclem
769 3052 895 3098 causam
918 3034 991 3098 belli
1015 3041 1108 3115 atque
1132 3033 1241 3096 horum
1274 3033 1422 3096 malorum
1448 3052 1519 3096 esse
1541 3036 1611 3096 iac-

461 3149 565 3206 tarent
588 3159 800 3223 summumque
824 3144 853 3204 ei
878 3142 1044 3223 periculum
1068 3141 1269 3204 concitarent.
1314 3141 1359 3202 dc
1391 3159 1431 3203 ne
1454 3140 1515 3202 hoc
1538 3143 1610 3219 qui-

463 3249 536 3313 dem
559 3250 630 3313 loco
643 3248 829 3331 Sophoclem
852 3249 977 3312 Periclis
1000 3247 1248 3310 adversariorum
1271 3265 1395 3310 causam
1419 3249 1533 3331 egisse,
1555 3249 1610 3310 sed

459 3358 564 3439 potius
586 3357 704 3419 animos
735 3357 886 3419 excitatos
914 3363 1007 3436 atque
1033 3355 1130 3417 666666
1160 3353 1372 3441 permulcente
1401 3355 1550 3418 orationis
1578 3362 1610 3418 et

460 3466 599 3528 musicae
622 3464 652 3526 vi
675 3472 707 3527 et
730 3468 796 3524 arte
819 3478 933 3541 pacare
957 3459 1121 3522 studuisse.

549 3571 589 3630 At
629 3569 655 3629 si
691 3570 739 3630 cui
773 3566 925 3630 vocabulo
965 3573 1092 3648 propter
1123 3563 1246 3628 dicendi
1281 3581 1368 3626 usum
1397 3563 1548 3646 legesque
1581 3566 1607 3628 is

459 3690 585 3746 seusus,
609 3673 660 3752 qui
682 3672 754 3735 loco
779 3671 982 3754 desideratur,
1006 3672 1096 3734 tribui
1120 3671 1245 3733 omnino
1269 3687 1331 3731 uon
1354 3678 1466 3755 potest,
1493 3692 1554 3736 non
1570 3673 1608 3736 ad

458 3778 640 3841 artificiosas
663 3779 887 3858 explicationes
909 3776 1125 3861 refugiendum
1150 3792 1219 3838 esse
1243 3779 1488 3859 sententiamque
1506 3778 1606 3866 eloco

460 3885 553 3966 plane
576 3885 706 3948 alienam
728 3885 921 3949 inferendam
934 3936 941 3969 ‚
972 3885 1028 3947 666
1052 3882 1094 3944 666
1117 3882 1317 3944 coniecturae
1344 3885 1375 3944 in
1398 3885 1485 3946 iustis
1507 3888 1606 3948 ratio-

459 3991 551 4053 nibus
575 3998 752 4054 exstructae
775 4011 914 4074 campum
938 4009 1027 4074 esse,
1061 3989 1198 4071 quisquis
1221 3988 1357 4050 criticam
1381 3997 1479 4052 artem
1502 3991 1607 4073 primis

458 4105 572 4159 tautum
595 4097 690 4159 labris
713 4098 832 4180 attigit,
861 4097 941 4162 lraud
963 4099 1096 4182 ignorat.
1147 4091 1260 4178 Ἔναγῇ
1282 4113 1311 4160 v.
1334 4093 1398 4158 656
1423 4097 1468 4180 66,
1493 4100 1605 4178 quide

459 4203 596 4265 Creonte
619 4202 757 4284 intellegi
775 4221 839 4266 non
860 4220 954 4287 posse
978 4187 1214 4285 existimaverit,
1237 4194 1305 4264 6666
1328 4200 1367 4263 66
1390 4220 1429 4265 66
1454 4219 1605 4267 6666666-

456 4311 506 4372 rio
541 4308 753 4389 accipiendum
783 4310 837 4392 sit,
869 4309 1090 4392 corrigendum
1120 4309 1195 4392 erit,
1234 4308 1317 4388 quod
1355 4310 1468 4388 optime
1498 4309 1556 4370 iam
1588 4329 1604 4372 a

458 4415 513 4480 l’h.
536 4415 672 4498 Bergkio
695 4415 806 4479 lactum
831 4424 887 4480 est.
931 4415 1039 4497 ltaque
1062 4433 1120 4478 suo
1143 4414 1211 4477 iure
1234 4413 1477 4499 egitNauckius,
1502 4416 1603 4495 quiin

456 4521 594 4585 editione
617 4521 740 4585 fabulae
764 4521 1052 4586 Schneidewiniana
1076 4535 1157 4582 anno
1173 4517 1368 4581 dcccclvi
1391 4521 1503 4584 emissa
1527 4539 1601 4584 con·

531 4687 555 4755 l)
575 4685 662 4740 Thac.
680 4684 700 4752 Ι,
725 4688 791 4741 ltu.
830 4684 939 4741 Herod.
961 4686 982 4751 l,
1002 4687 1045 4741 66.
1065 4684 1097 4749 V,
1117 4686 1161 4748 70,
1180 4685 1225 4740 71.

526 4779 555 4851 2)
575 4777 663 4834 Titne.
683 4778 703 4844 l,
726 4781 785 4836 127.
