4142 5675
1008 634 1222 699 ..12-

541 801 645 881 tuerit,
669 800 724 862 sed
740 800 948 864 Athenienses
972 820 1041 864 cum
1057 802 1176 865 Pericle
1199 810 1328 866 auctore
1345 802 1370 884 ¹)
1395 804 1556 867 moenibus
1579 814 1611 867 et
1630 826 1689 868 na-

540 906 631 967 vibus
654 924 727 968 sese
754 906 967 991 defenderent,
991 908 1062 970 talia
1086 908 1115 968 in
1141 926 1210 969 eum
1232 907 1436 991 iactavisse²l
1465 916 1556 989 atque
1579 918 1686 974 contra
1720 934 1721 946 2

540 1013 618 1075 hacc
638 1017 727 1077 etiam
751 1016 898 1083 Periclem
924 1035 960 1078 ea
982 1034 1064 1097 quae
1082 1016 1219 1096 Oedipus
1243 1016 1467 1099 respondenti)
1490 1020 1686 1098 respondere

542 1122 693 1203 potuisse.

629 1227 748 1290 Deinde
770 1225 943 1289 Schocllius
974 1245 1012 1289 aa
1043 1244 1125 1306 quac
1147 1245 1165 1288 a
1188 1226 1221 1288 O.
1247 1225 1277 1291 F.
1302 1227 1480 1291 Hermanno
1497 1228 1544 1291 'de
1567 1228 1686 1291 Pericle

541 1335 737 1398 oraculorum
760 1340 976 1414 contemptore
1010 1342 1042 1396 et
1074 1334 1195 1415 piaculo
1218 1334 1507 1399 Alcmaeonidarnm
1539 1338 1688 1400 obstricto

540 1444 659 1525 prodais
682 1443 743 1506 sint
764 1461 838 1504 vera
862 1460 934 1504 esse
958 1459 1020 1503 non
1046 1443 1172 1504 omnino
1195 1450 1298 1525 negat,
1322 1445 1393 1523 quin
1417 1446 1507 1506 etiam
1524 1446 1606 1506 inter
1620 1462 1689 1507 sce·

539 1550 605 1613 lara
625 1550 735 1629 Oedipi
759 1557 790 1610 at
814 1566 868 1630 ea,
892 1566 972 1628 quae
995 1547 1104 1610 Pericli
1126 1548 1246 1610 crimini
1269 1549 1339 1612 data
1363 1552 1437 1625 sint,
1462 1552 1687 1615 similitudinem

540 1658 690 1738 quandam
716 1659 867 1719 exsistere
891 1655 1044 1720 concedit.

627 1762 735 1826 Athis
759 1762 901 1824 omnibus
925 1762 1035 1824 adduci
1059 1779 1121 1824 non
1146 1778 1328 1843 possumus,
1351 1769 1383 1825 ut
1407 1764 1570 1845 Sophoclis
1593 1767 1688 1831 labu-

539 1872 599 1935 lam
624 1889 662 1933 eo
687 1878 827 1950 tempore
851 1870 974 1934 doctam
995 1886 1067 1932 esse
1080 1869 1171 1933 nobis
1183 1870 1435 1949 persuadeamus.
1480 1873 1689 1938 Namatiamsi

540 1978 748 2041 Athenienses
771 1977 880 2041 Pericli
903 1977 1010 2040 similia
1043 1985 1135 2057 atque
1158 1976 1239 2039 lovis
1271 1978 1420 2039 sacerdos
1443 1977 1564 2059 Oedipo
1596 1981 1688 2045 dixe-

539 2094 621 2169 runt,
645 2087 684 2148 de
708 2094 848 2166 tempore
872 2103 933 2165 quc
959 2083 1119 2166 tragoedia
1144 2084 1235 2146 docta
1253 2085 1293 2145 sit
1314 2084 1389 2145 inde
1412 2084 1485 2147 nihil
1508 2095 1611 2166 pot-est
1635 2091 1688 2152 al-

540 2195 663 2257 iirmari.
709 2194 820 2257 Verbis
842 2211 918 2255 vero
951 2194 1012 2275 ais,
1049 2211 1128 2274 quae
1151 2212 1179 2254 v.
1205 2191 1246 2252 57
1270 2193 1429 2272 leguntur:
1463 2192 1535 2255 odas
1563 2200 1689 2278 πύργος

538 2300 609 2365 odas
630 2303 729 2379 ναῦς,
754 2300 826 2363 nihil
850 2300 994 2377 ellicitur;
1031 2298 1105 2386 nihil
1129 2301 1207 2361 enim
1233 2298 1312 2361 aliud
1336 2299 1511 2379 significant
1533 2303 1590 2363 nisi
1613 2306 1688 2367 nul-

539 2410 599 2471 lam
623 2409 777 2471 civitatem
802 2408 922 2469 etiamsi
936 2408 1061 2468 summis
1075 2413 1157 2468 terra
1176 2407 1315 2485 marique
1331 2406 1440 2486 opibus
1461 2409 1568 2492 valeat,
1591 2413 1686 2491 quic-

541 2533 631 2596 quarn
656 2515 761 2577 valere
783 2514 856 2576 viris
880 2513 1026 2576 orbatam.
1074 2513 1160 2585 Quae
1182 2513 1298 2575 locutio
1321 2522 1365 2574 est
1389 2516 1593 2600 usitatissima,
1619 2518 1686 2583 lere

539 2622 687 2704 proverbi
710 2622 806 2683 instar
818 2622 862 2703 4),
885 2621 926 2683 ita
950 2626 984 2681 ut
1006 2621 1109 2682 mirari
1134 2637 1196 2682 non
1220 2621 1387 2703 possimus,
1410 2622 1437 2683 si
1459 2632 1551 2701 poeta
1573 2645 1615 2688 ex
1637 2630 1687 2690 ci-

538 2731 633 2792 vitate
656 2728 905 2809 Atheniensium,
940 2726 1019 2808 apnd
1049 2743 1128 2807 quos
1160 2726 1267 2789 classis
1297 2728 1419 2790 maximi
1442 2735 1509 2791 erat
1530 2736 1685 2816 momenti,

539 2837 577 2900 ad
602 2836 769 2900 Thebanos
803 2835 951 2898 maritima
985 2834 1108 2914 quidem
1140 2834 1277 2915 potentia
1306 2843 1450 2898 carentes
1473 2855 1540 2900 eam
1564 2841 1685 2906 referre

540 2964 601 3009 non
625 2944 819 3008 dubitaverit.
864 2944 911 3006 De
935 2941 1071 3024 reliquis,
1095 2941 1207 3021 quibus
1224 2941 1397 3005 Schocllius
1419 2963 1488 3006 cum
1505 2946 1682 3014 Hermanno

539 3054 704 3134 consentit,
728 3051 823 3115 adeas
847 3050 882 3112 G.
906 3049 1125 3129 Hermannum,
1147 3048 1198 3110 ubi
1220 3057 1329 3112 contm
1354 3049 1436 3113 huuc
1460 3051 1545 3116 dixit.

622 3158 744 3222 Deinde
756 3176 832 3220 vero
846 3157 897 3219 ille
908 3153 931 3237 ⁵)
946 3156 1036 3237 plane
1052 3155 1219 3218 hermanni
1231 3160 1415 3220 sententiam
1426 3161 1533 3242 reiicit,
1554 3160 1681 3242 Sopho-

538 3269 747 3330 clemeorum
772 3265 881 3327 civium
904 3270 1022 3345 partem
1047 3269 1185 3325 secutum
1207 3281 1294 3344 csse,
1326 3265 1379 3345 qui
1401 3265 1581 3329 calamitatis
1604 3289 1681 3352 gra-

536 3377 631 3439 vitate
655 3374 796 3454 depressi
819 3371 975 3449 variisque
1000 3371 1217 3451 agitationibus
1246 3372 1391 3435 commoti
1413 3374 1558 3452 optimum
1582 3377 1681 3458 civem

537 3481 797 3544 atrocissimorum
831 3477 982 3541 scelerum
1014 3479 1245 3560 accusaverint,
1281 3485 1436 3560 negatque
1453 3488 1591 3559 -poatam
1623 3485 1681 3548 sub

537 3587 648 3668 Oedipi
670 3604 815 3668 persona,
839 3601 919 3665 quac
941 3601 1059 3645 summo
1084 3601 1141 3645 nos
1155 3582 1287 3647 horrore
1310 3584 1432 3668 alliciat,
1453 3586 1601 3649 Periclem
1624 3610 1682 3654 re·

536 3703 737 3779 praesentare
768 3702 797 3756 ct
834 3693 994 3774 exagitare
1024 3690 1171 3754 voluisse.
1226 3691 1322 3763 Quam
1353 3694 1529 3774 opinionem
1558 3699 1682 3764 minime

537 3801 711 3866 confirmari
735 3819 771 3862 ea
796 3800 926 3880 ratione,
950 3814 1010 3876 qua
1034 3795 1172 3876 Oedipus
1196 3796 1226 3857 ln
1242 3795 1342 3857 tabula
1359 3797 1449 3862 nobis
1469 3811 1679 3880 proponatur:

609 3992 633 4064 1)
653 3991 689 4045 cl.
709 3989 796 4045 Thuc.
816 3989 850 4056 tl,
872 3992 905 4046 13
924 4008 965 4065 sq.

606 4085 634 4154 2)
653 4084 689 4138 cl.
709 4081 799 4136 Thuc.
819 4081 853 4148 lt,
872 4084 921 4137 21:
947 4084 1026 4136 marri
1049 4099 1074 4135 τε
1092 4078 1180 4153 τρόπῳ
1200 4079 1356 4151 ἀνηρέθιστο
1374 4083 1389 4146 ἢ
1408 4085 1484 4146 πόλις
1502 4086 1609 4142 καὶτὸν
1628 4098 1680 4144 Πε-

534 4178 624 4250 ρικλέα
649 4179 678 4229 ἐν
705 4175 773 4248 ὀργῇ
798 4177 872 4246 εἶχον
899 4173 945 4227 καὶ
964 4164 1002 4227 ὦν
1020 4175 1152 4246 παρῄνεσε
1177 4173 1305 4242 πρότερον
1328 4175 1472 4247 ἰμέμνηνιο
1497 4176 1589 4243 οὐδέν,
1618 4181 1678 4235 ἀλλ’

532 4269 654 4331 ἐκάκιζον
672 4265 868 4337 ὅτϊστρατηγός
881 4266 919 4320 ὢν
933 4265 981 4320 οὐκ
1006 4263 1144 4336 ἑπεξᾰγοι,
1174 4266 1258 4319 αἴτιόν
1276 4285 1299 4321 τε
1320 4271 1413 4338 σφίσιν
1430 4268 1557 4340 ἐνόμιζον
1571 4273 1681 4327 πάντων

533 4352 572 4414 ὧν
589 4363 707 4431 ἔπασχον
726 4357 791 4412 coll.
812 4357 844 4421 tl,
865 4361 908 4412 64.

604 4452 632 4522 3)
653 4449 686 4504 V·
706 4453 740 4505 59
759 4444 787 4503 εὖ
805 4450 858 4520 γὰρ
880 4448 934 4504 cld'
955 4448 994 4502 ὅτι

760 4547 857 4595 acastre
875 4539 980 4606 advisa,
999 4541 1045 4594 xci
1063 4541 1215 4602 νοσοῦντες,
1243 4539 1280 4600 ὥς
1297 4541 1349 4610 lyci

763 4633 811 4688 οὐκ
830 4637 899 4688 ἔστιν
917 4634 994 4706 ὑμῶν
1015 4631 1084 4693 ὅστις
1101 4633 1128 4692 ἐξ
1146 4633 1204 4683 ἴσον
1223 4635 1295 4684 νοσεῖ
1313 4649 1337 4684 ar.
1356 4650 1377 4684 τ.
1395 4633 1418 4684 i.

606 4727 633 4795 4)
653 4727 689 4779 ci.
711 4723 915 4780 Schneidewin.
936 4723 968 4776 ad
990 4721 1015 4776 h.
1036 4722 1053 4776 l.
1091 4718 1187 4794 Poppo
1207 4721 1240 4776 ad
1259 4720 1348 4778 Thoe.
1369 4724 1395 4788 7,
1413 4724 1459 4776 77.

603 4823 629 4888 5)
648 4837 675 4890 p.
700 4819 758 4875 181.
