4142 5675
987 649 1117 713 ..230
1164 599 1223 698 g

521 820 610 894 Ouod
633 823 659 884 si
681 837 788 884 verum
812 826 912 904 esset,
948 839 986 884 ea
1010 840 1100 902 quam
1124 822 1163 886 de
1187 829 1287 886 aetate
1310 821 1421 904 Oedipi
1444 823 1539 907 Regis
1564 830 1677 904 protu-

520 927 608 988 limus
631 924 785 988 sententia
805 924 909 989 denuo
941 923 1125 988 labefactata
1162 933 1245 990 esset
1276 943 1379 1008 neque
1410 927 1539 1009 emplius
1571 939 1679 1009 posset

520 1031 658 1094 retineri,
702 1029 765 1092 lam
787 1028 880 1109 igitur
901 1027 1069 1091 videndum
1093 1037 1157 1112 est,
1181 1048 1252 1094 num
1275 1031 1369 1093 certis
1392 1031 1551 1114 firmisque
1576 1052 1677 1116 coga-

521 1151 587 1196 mur
610 1133 813 1215 argumentis,
843 1138 876 1194 ut
899 1131 1051 1214 Oedipum
1073 1133 1189 1213 Regem
1223 1140 1293 1197 ante
1325 1133 1497 1198 Coloneum
1531 1139 1676 1220 scriptam

521 1255 592 1300 csse
615 1235 704 1301 nobis
728 1234 964 1299 eoncedendum
987 1238 1036 1300 sit.

607 1343 806 1404 inveniuntur
828 1360 903 1405 sane
926 1342 958 1402 in
969 1339 1091 1420 Oedipo
1108 1339 1249 1404 Cotoneo
1272 1338 1333 1403 loci
1355 1341 1505 1424 nonnulli,
1528 1343 1582 1423 qui
1609 1343 1675 1408 Oe-

521 1446 623 1529 dipum
645 1448 764 1530 Regem
786 1449 846 1510 iam
869 1447 1012 1527 scriptam
1037 1444 1134 1524 luisse
1156 1445 1300 1508 videntur
1326 1448 1441 1510 testari.
1496 1447 1573 1511 Nam
1607 1469 1673 1513 cum

520 1553 570 1616 hic
600 1560 693 1634 pocta
725 1573 754 1614 v.
781 1549 865 1614 1410
887 1537 954 1633 sqq.
984 1557 1016 1613 et
1048 1570 1075 1613 v.
1102 1548 1184 1613 1436
1207 1567 1255 1632 sq.
1292 1558 1324 1614 et
1353 1571 1380 1614 v.
1408 1549 1492 1614 1518
1522 1551 1673 1635 Oedipum

520 1660 617 1740 ipsum
642 1658 781 1722 exsilium
804 1656 992 1739 flagitantem
1016 1654 1140 1736 lecerit,
1163 1654 1225 1716 illic
1247 1653 1307 1717 hoc
1329 1652 1410 1719 idem
1435 1655 1562 1730 Creonti
1584 1657 1673 1721 filiis-

521 1783 583 1846 que
617 1764 690 1826 iacit
716 1760 955 1842 exprobrantem
989 1777 1060 1822 eum
1082 1759 1124 1821 ita
1147 1774 1317 1842 excusans,
1349 1765 1381 1820 ut
1416 1759 1504 1823 aliam
1535 1765 1673 1826 recentis

521 1867 638 1932 doloris
674 1885 712 1930 ac
743 1865 936 1945 sequentium
963 1869 1136 1943 temporum
1165 1863 1318 1926 rationem
1345 1862 1439 1926 luisse
1462 1863 1590 1950 dicat¹).
1636 1869 1674 1932 At

519 1973 599 2036 haec
622 1972 661 2035 de
685 1970 794 2033 exsilio
818 1967 897 2031 dicta
921 1966 959 2030 ad
983 1966 1105 2029 diversa
1127 1966 1289 2046 utriusque
1311 1966 1436 2031 fabulae
1449 1971 1579 2035 consilia
1605 1991 1673 2036 om-

522 2081 595 2141 nino
619 2076 773 2157 aptissima
796 2078 876 2136 sunt.
921 2069 954 2131 ln
978 2068 1098 2150 Oedipo
1121 2069 1207 2150 Rege
1230 2086 1362 2133 necesse
1385 2080 1452 2135 erat
1476 2072 1573 2158 illum,
1606 2095 1672 2140 cum

522 2189 593 2245 ante
616 2201 644 2243 v.
669 2177 732 2242 229
757 2177 786 2239 ei
809 2177 860 2257 qui
882 2175 986 2236 Laium
1016 2172 1224 2236 interfecisset
1250 2175 1316 2255 ipse
1350 2174 1490 2240 exsilium
1518 2179 1674 2244 minitatus

522 2290 615 2367 esset,
638 2282 780 2347 exsilium
801 2280 859 2343 sibi
882 2278 1033 2361 flagitare,
1056 2277 1139 2359 quod
1163 2297 1218 2340 cur
1242 2279 1272 2340 ei
1293 2287 1471 2343 recusatum
1494 2283 1549 2364 sit,
1582 2302 1674 2365 supra

521 2389 733 2471 exposuimus3
755 2388 814 2448 iam
836 2401 912 2447 varo
937 2382 1090 2445 Colonum
1113 2382 1249 2444 venitin
1274 2383 1414 2446 exsilium
1437 2385 1566 2470 eiectus,
1589 2388 1674 2452 The-

521 2494 592 2556 bani
614 2494 735 2556 mittunt
758 2490 924 2553 Creontem
947 2486 985 2549 ad
1010 2505 1080 2549 eum
1103 2488 1134 2548 in
1157 2487 1286 2567 patriam
1309 2489 1538 2573 revocandum,
1570 2510 1675 2556 rerum

520 2601 615 2682 igitur
637 2604 766 2660 naturae
787 2594 878 2676 plane
902 2592 1049 2655 convenit
1071 2590 1209 2671 Oedipus
1231 2593 1448 2673 interrogans:
1483 2594 1545 2657 Cur
1569 2616 1622 2661 me
1645 2601 1674 2661 in

522 2704 663 2767 exsilium
684 2701 828 2782 eiecistis,
851 2698 878 2762 si
902 2695 1024 2778 quidem
1048 2713 1129 2758 nunc
1151 2697 1181 2758 in
1203 2698 1332 2776 patriam
1342 2697 1506 2762 restituere
1520 2700 1674 2766 studetis?

523 2807 612 2884 Quod
636 2808 682 2872 eis
705 2806 856 2869 obiectum
880 2802 970 2865 etiam
993 2798 1088 2882 pluris
1112 2800 1257 2863 momenti
1281 2818 1351 2865 esse
1372 2810 1506 2894 apparet,
1529 2804 1556 2868 si
1579 2804 1674 2871 labu-

522 2914 619 2977 larum
642 2912 849 2974 narrationem
877 2914 1002 2970 secutus
1033 2911 1127 2987 poeta
1151 2903 1302 2987 Oedipum
1336 2909 1436 2970 statim
1458 2916 1529 2989 post
1552 2909 1693 2975 detecta·

524 3017 665 3081 facinora
699 3016 730 3076 in
768 3011 908 3075 exsilium
939 3009 1024 3072 abire
1055 3009 1177 3090 quidem
1213 3009 1346 3074 voluisse
1383 3010 1439 3074 sed
1479 3013 1673 3102 prohibitum,

523 3131 632 3206 postea
666 3137 742 3183 vero
776 3116 915 3178 noluisse
947 3121 978 3176 et
1007 3133 1024 3176 a
1062 3114 1173 3176 civium
1206 3114 1393 3195 principibus
1426 3123 1567 3181 coactum
1605 3139 1673 3185 esse

523 3228 614 3291 dicat.
658 3225 765 3304 ltaque
788 3220 878 3282 nobis
902 3218 1025 3299 quidem
1037 3216 1209 3299 Sophocles
1221 3218 1381 3298 utriusque
1404 3218 1528 3284 iabnlae
1552 3224 1673 3288 actione

524 3332 673 3393 adductus
696 3343 767 3390 esse
794 3323 933 3400 videtur,
960 3328 993 3383 ut
1014 3322 1056 3383 ita
1079 3338 1145 3382 rem
1169 3321 1394 3400 conformarem
1429 3341 1490 3403 qua
1520 3325 1559 3387 de
1582 3345 1673 3392 causa

523 3454 586 3500 non
609 3448 741 3495 necesse
766 3436 813 3492 est
835 3434 1001 3492 statuamus
1025 3424 1197 3488 Coloneum
1220 3431 1291 3506 post
1304 3426 1430 3490 alteram
1443 3426 1577 3493 fabulam
1593 3435 1673 3496 scri-

525 3548 605 3623 ptam
629 3553 711 3599 esse.
767 3533 799 3598 si
827 3533 868 3594 ita
893 3536 927 3593 ut
955 3529 997 3593 illi
1019 3528 1161 3593 homines
1185 3529 1268 3592 docti
1290 3531 1397 3594 volunt
1419 3532 1673 3618 procederemus,

524 3644 614 3707 etiarn
648 3640 834 3719 Antigonam
867 3643 936 3715 post
966 3633 1116 3714 Oedipum
1141 3633 1311 3698 Coloneum
1341 3635 1462 3699 doctam
1495 3656 1567 3701 esse
1591 3639 1673 3703 iudi-

524 3747 655 3812 candum
678 3751 769 3824 esset,
793 3745 958 3822 propterea
982 3739 1065 3819 quod
1088 3758 1117 3800 v.
1143 3737 1226 3800 1400
1249 3757 1295 3820 sq.
1318 3746 1348 3802 et
1370 3760 1400 3804 v.
1416 3739 1500 3804 1700
1510 3760 1580 3824 sqq.
1606 3763 1673 3809 eam

525 3871 605 3934 quae
626 3851 784 3932 Antigona
807 3845 982 3908 continetur
1006 3843 1158 3906 actionem
1174 3842 1377 3924 significatam
1401 3862 1472 3908 esse
1483 3846 1626 3911 videmus
1636 3848 1672 3931 2);

524 3972 698 4038 quanquam
723 3971 790 4014 eam
814 3947 946 4012 tabulam
970 3946 1065 4009 multo
1089 3952 1283 4010 anteactam
1307 3965 1379 4012 esse
1401 3950 1476 4012 satis
1499 3960 1633 4016 constat.

609 4058 717 4137 ltaque
739 4072 779 4116 ne
801 4052 862 4116 hoc
892 4049 1014 4130 quidem
1046 4057 1228 4132 argumento
1259 4052 1478 4137 prohibemur,
1509 4056 1672 4136 quominus

523 4164 604 4226 illam
626 4159 807 4225 sententiam
840 4155 881 4218 de
904 4151 1022 4234 Oedipo
1045 4153 1133 4237 Rege
1165 4154 1354 4220 retineamus
1388 4165 1420 4221 et
1448 4175 1516 4222 eam
1539 4159 1672 4225 fabulam

525 4265 647 4348 0191,
672 4262 687 4326 l
713 4286 755 4323 =
778 4260 841 4324 415
865 4279 883 4322 a
907 4258 977 4321 Chr.
1001 4258 1122 4321 doctam
1145 4276 1216 4324 esee
1239 4263 1473 4328 contendamus.

528 4405 836 4421 ......-...—---

602 4493 686 4567 1)(11.
705 4512 730 4549 v.
747 4494 797 4549 431
820 4509 879 4565 sqq.
900 4499 972 4547 etr.
992 4492 1047 4545 704
1064 4507 1124 4564 sqq.

597 4587 631 4654 2)
651 4581 692 4641 ct.
712 4581 845 4638 Suevern.
864 4581 892 4636 iu
904 4579 1070 4651 abhandlgg.
1089 4579 1138 4635 der
1157 4579 1260 4649 lonigl.
1278 4578 1358 4634 ulad.
1380 4580 1408 4635 d.
1423 4582 1497 4636 wine.
1514 4598 1547 4636 zu
1569 4581 1673 4645 Berlin.

529 4676 599 4731 1824
616 4692 644 4745 p.
666 4677 698 4731 to
717 4689 759 4744 sq.

881 4838 1255 4873 *-
