4142 5675
942 630 1137 691 ...5-

557 798 650 880 Atqui
679 801 709 861 ei
741 817 833 879 quem
865 800 1000 879 priorem
1034 801 1188 863 attulimus
1217 801 1288 863 hoec
1319 800 1392 863 nihii
1421 801 1617 865 tribuendum

470 922 543 969 csse
565 908 698 970 videtur.
760 906 822 971 Sed
852 926 931 989 quae
955 909 1027 972 loco
1052 910 1149 972 aitcro
1174 908 1326 972 Ciearoho
1348 909 1470 974 Soiensi
1493 918 1617 972 auctore

468 1013 669 1099 referuntur-,¹
696 1034 759 1078 non
783 1017 824 1079 ita
847 1025 918 1080 sunt
941 1024 1134 1099 comparato,
1168 1024 1200 1080 ut
1224 1019 1292 1079 iure
1317 1017 1355 1081 de
1379 1019 1424 1081 eis
1447 1018 1616 1081 dubitetur:

470 1122 540 1185 heri
563 1124 644 1185 enim
670 1125 822 1205 potuisse,
857 1131 891 1186 ut
917 1124 1050 1205 aliquam
1074 1127 1133 1187 vim
1155 1124 1208 1186 iiic
1230 1132 1324 1205 poeta
1347 1127 1564 1206 grammaticus
1587 1128 1617 1188 in

467 1227 651 1309 Sophoclem
677 1238 708 1292 at
729 1229 906 1310 Euripidem
942 1239 1123 1313 exerceret,
1156 1233 1252 1313 ⁴etiam
1276 1231 1427 1315 Bergkius
1456 1235 1493 1293 de
1528 1234 1617 1314 reliq.

467 1353 549 1414 com.
572 1336 632 1397 Au.
654 1343 715 1399 ant.
739 1355 769 1417 pr
787 1334 857 1398 ,119
882 1338 1075 1400 existimavit.
1126 1336 1216 1399 CJF.
1235 1338 1429 1401 Hermannus
1454 1339 1577 1420 quidem
1595 1339 1617 1423 ¹)

467 1441 529 1506 hoc
550 1445 641 1505 statui
665 1462 758 1524 posse
783 1444 923 1527 negavit,
958 1446 1027 1507 cum
1056 1445 1135 1507 duos
1163 1444 1295 1525 eosqui
1318 1446 1397 1526 apud
1421 1445 1613 1509 Athenaeum

467 1549 615 1631 leguntur
637 1551 726 1613 locos
748 1553 979 1634 commisceret,
1016 1558 1048 1613 ct
1077 1556 1186 1613 contra
1209 1550 1290 1613 hanc
1314 1553 1497 1615 sententiam
1521 1556 1617 1615 attuiit

467 1675 550 1741 eum,
574 1659 677 1739 quiin
701 1657 850 1742 Antigon.
874 1678 902 1720 v.
928 1656 1006 1721 1031
1035 1666 1148 1740 exstat,
1180 1658 1299 1742 iocum,
1332 1677 1395 1740 quo
1417 1661 1477 1721 iam
1499 1662 1616 1722 vocatis

467 1766 499 1827 in
523 1765 584 1828 hnc
604 1768 731 1829 trimetri
754 1767 829 1829 elisa
852 1768 1035 1846 reperiatur.
1081 1764 1195 1827 Contra
1214 1766 1240 1828 si
1261 1766 1423 1829 statuimus
1445 1766 1524 1828 duos
1547 1767 1616 1829 ilios

468 1873 558 1936 locos
594 1893 633 1936 ex
667 1873 817 1937 Cicarcho
851 1874 975 1955 quidem
1005 1874 1184 1954 desumptos
1213 1891 1299 1955 esse,
1334 1875 1389 1935 scd
1422 1873 1614 1938 Athenaeum

467 1983 567 2062 ipsum
590 1983 718 2064 proprio
740 1981 838 2044 hiante
863 1981 919 2043 sed
951 1979 1167 2043 tutetioissime
1196 1996 1276 2059 quae
1304 1983 1332 2041 ei
1363 1981 1474 2044 tradita
1511 1993 1616 2047 essent

466 2088 574 2166 priore
595 2086 666 2148 loco
700 2086 873 2149 accuratius
903 2086 1060 2167 explicare
1090 2085 1245 2147 studuisse
1270 2085 1371 2148 omnia
1394 2086 1477 2148 hene
1499 2106 1534 2149 se
1557 2086 1615 2149 ha-

464 2192 550 2256 hcm.
606 2192 744 2273 Utroque
776 2201 878 2255 autem
909 2193 980 2256 ioco
1012 2191 1214 2275 significatum
1247 2199 1294 2255 est
1327 2192 1507 2255 Clearchum
1535 2213 1614 2256 ocn-

465 2302 565 2363 suisse
588 2300 743 2381 Euripidis
765 2299 924 2383 Medeam,
959 2316 1041 2381 quae
1076 2299 1170 2362 docta
1193 2305 1241 2360 est
1264 2298 1412 2362 archonte
1435 2299 1612 2381 Pythodoro

465 2408 513 2471 Ol.
536 2406 588 2490 87,
613 2410 626 2471 1
654 2435 696 2462 =
719 2405 779 2469 431
805 2426 832 2469 a.
856 2405 927 2469 Ohr.
953 2425 991 2488 η,
1016 2415 1090 2469 ante
1107 2404 1257 2487 Oedipum
1274 2406 1393 2488 Regem
1415 2415 1511 2470 actam
1535 2426 1614 2470 esso.

463 2516 527 2579 iarn
549 2533 619 2579 cum
646 2514 742 2594 priori
771 2514 841 2577 ioco
869 2521 985 2577 tantum
1014 2513 1207 2577 auctoritatis
1237 2514 1373 2598 tribuere
1406 2514 1517 2597 nolim,
1551 2534 1613 2578 non

465 2625 547 2688 uitra
575 2623 606 2686 id
626 2623 720 2703 ⁴quod
745 2623 808 2685 dixi
831 2622 1005 2703 procedere
1037 2640 1131 2685 ausus
1162 2623 1233 2705 sim,
1265 2640 1369 2702 neque
1399 2624 1613 2687 affirmaverim

465 2731 548 2813 quod
573 2730 656 2793 multi
680 2730 825 2792 dixerunt
848 2728 1000 2810 Oedipum
1024 2728 1128 2810 paullo
1152 2734 1221 2809 post
1235 2728 1346 2811 0187,
1373 2727 1386 2792 l
1415 2731 1463 2792 vel
1486 2740 1612 2811 postero

465 2853 550 2900 anno
575 2834 696 2899 doctam
719 2851 800 2896 esse.
843 2832 881 2896 Ut
904 2832 964 2897 hoc
984 2832 1124 2914 addam,
1159 2832 1242 2915 quod
1264 2832 1488 2919 Welekerus2)
1524 2836 1613 2900 affert

465 2943 660 3027 tragoediam
678 2942 800 3006 ¹Galliae
823 2949 989 3023 propterea
1020 2941 1104 3022 quod
1136 2941 1234 3005 literis
1256 2941 1369 3007 Ionicis
1404 2961 1477 3006 usus
1503 2947 1543 3007 sit
1574 2947 1611 3009 ad

464 3060 599 3115 aetatem
621 3049 755 3114 Euclidis
778 3047 840 3131 (qui
862 3049 918 3113 iuit
941 3048 1059 3112 archon
1083 3048 1131 3112 Oi.
1154 3047 1206 3132 95,
1229 3048 1249 3109 2
1272 3078 1315 3104 =
1337 3048 1402 3114 402
1424 3071 1452 3117 a.
1476 3051 1546 3114 Chr.
1570 3053 1611 3136 n.)

461 3159 629 3239 pertinere,
653 3174 702 3221 mc
724 3175 787 3218 non
812 3157 909 3238 magis
933 3174 1022 3236 quam
1047 3155 1212 3238 Bergidum
1234 3165 1347 3243 movet,
1371 3166 1402 3223 ut
1426 3179 1466 3223 eo
1489 3160 1610 3223 demum

461 3273 603 3347 tempore
625 3264 757 3327 fabulam
783 3265 927 3344 scriptam
950 3281 1022 3327 esse
1045 3264 1228 3327 contendam
1244 3263 1277 3348 ⁵).

547 3375 653 3454 ltaque
675 3372 723 3436 his
745 3373 866 3436 duobus
889 3373 1042 3436 Athenaei
1065 3373 1143 3436 locis
1178 3373 1251 3436 nihii
1274 3372 1356 3436 aliud
1379 3375 1523 3437 concludi
1547 3396 1608 3457 po-

459 3491 525 3546 test
542 3480 604 3545 nisi
626 3478 777 3560 Oedipum
800 3481 918 3561 Regem
942 3480 1073 3543 fabulam
1108 3487 1177 3560 post
1201 3481 1249 3543 Oi.
1271 3479 1324 3562 87,
1350 3480 1362 3542 1
1392 3482 1513 3547 doctam
1538 3503 1608 3548 esse

461 3590 572 3654 videri.
617 3588 679 3652 lam
701 3595 803 3653 autem
829 3595 930 3652 exstat
944 3588 1026 3653 aliud
1044 3589 1199 3670 quoddam
1223 3591 1441 3674 testimonium,
1464 3611 1525 3672 quo
1547 3611 1607 3655 ex-

460 3699 596 3763 aminato
619 3695 752 3759 iahuiam
775 3703 847 3759 ante
869 3694 916 3757 Oi.
939 3692 997 3776 91,
1020 3696 1041 3758 2
1064 3696 1185 3759 doctam
1209 3710 1281 3758 esse
1306 3695 1452 3762 dicemus.
1557 3744 1559 3749 -

549 3805 667 3867 Dicitur
689 3805 769 3866 enim
793 3805 823 3865 in
847 3810 1031 3886 argumento
1054 3820 1188 3884 graeco:
1223 3804 1395 3887 χαριέντως
1415 3801 1451 3865 di
1477 3802 1608 3888 Τύρον·

459 3931 521 3977 νον
548 3909 687 3983 ἅπαντες
719 3907 818 3972 adeda
848 3907 1085 3992 ἐπιγράφουσιν
1113 3906 1158 3982 ὥς
1171 3906 1321 3988 ἐξέχοντα
1343 3907 1449 3994 πάσης
1469 3913 1522 3995 τῆς
1542 3915 1607 3976 Σο-

463 4016 624 4104 φοκλέους
646 4015 812 4100 ποιήσεως,
835 4018 949 4099 καίπερ
969 4013 1145 4100 pupieno
1159 4012 1224 4081 dud
1239 4015 1442 4093 Φιλοκλέους,
1464 4018 1508 4092 οἷς
1528 4037 1606 4104 φησι

534 4255 559 4329 1)
577 4255 779 4322 Quaestionum
798 4255 1025 4328 Oedipodorrum
1044 4259 1133 4330 capite
1153 4257 1219 4321 tria,
1245 4256 1387 4328 hiarhurgi
1408 4260 1477 4315 1807
1496 4279 1522 4331 p.
1540 4262 1585 4315 27.

531 4351 559 4416 2)
578 4349 678 4406 iiheiu.
698 4349 770 4405 Mus.
791 4351 811 4404 1.
831 4368 855 4405 ο.
874 4368 902 4422 p.
922 4353 983 4406 150.

531 4444 558 4514 3)
577 4441 619 4496 De
640 4443 719 4515 reliq.
739 4461 809 4498 com.
828 4441 885 4498 Ait.
906 4453 961 4498 ent.
982 4462 1010 4514 p.
1032 4444 1097 4498 ¹18:
1130 4451 1291 4515 »autequam
1319 4444 1372 4497 taio
1399 4445 1464 4516 quid
1491 4446 1602 4516 publico

457 4551 513 4590 usu
531 4536 680 4607 recipitur,
709 4536 813 4606 vulgari
839 4535 1042 4591 cousuetudine
1061 4534 1164 4588 dudum
1186 4535 1270 4588 fucrit
1289 4535 1383 4589 tritum
1410 4553 1526 4591 neeesse
1544 4546 1601 4599 est;

455 4629 552 4700 itaque
571 4628 652 4682 etiam
674 4625 785 4682 ionicae
806 4628 920 4694 iitcrae,
946 4642 1062 4701 quarum
1081 4635 1177 4681 auctor
1196 4626 1248 4681 init
1266 4625 1423 4681 Simonides
1441 4626 1489 4697 ti),
1509 4628 1601 4683 Athe-

456 4721 502 4775 at·
523 4719 609 4774 mutto
628 4728 692 4774 onte
713 4717 840 4774 Ecciidis
858 4732 967 4776 anunm·
983 4728 1133 4792 usurpatae
1153 4727 1244 4773 sunt«
1283 4716 1327 4774 Cf.
1344 4719 1425 4774 etium
1440 4716 1602 4792 Bernhardy

455 4815 475 4869 1.
498 4831 520 4869 ο.
541 4832 567 4886 p.
587 4815 632 4869 20.
