4142 5675
889 526 927 536 -
973 493 1015 555 25
1059 525 1102 537 ,.
1270 457 1288 554 ζ
1378 512 1407 526 ,.

357 703 360 710 -
415 666 467 747 lit,
489 663 644 726 Plutarch.
664 661 764 726 Alcib.
795 660 849 725 lb:
881 658 914 724 cl
932 662 994 743 nav
1014 658 1141 735 ἔνδοξοι
1161 657 1240 740 need
1261 660 1316 723 aad
1337 655 1566 739 βδελύσσεσθαι
1655 733 1661 740 ⁸

381 788 384 794 ·
412 773 468 832 acl
501 768 721 852 δυσχεραίνειν
753 768 930 852 ἐφοβοῦντο
958 765 1015 853 cdv
1046 764 1219 849 ὀλιγωρίαν
1239 762 1339 829 αὐτοῦ
1361 766 1415 826 καί
1436 783 1565 843 παρα-

412 878 566 958 νομίαν
587 876 640 949 ὡς
659 874 881 961 ιοραννιιδ
910 876 965 936 καὶ
997 871 1170 936 αλλόκοτα.
1214 873 1302 956 „lloc
1323 873 1351 935 si
1373 869 1565 952 paucissimis

414 987 521 1048 verbis
544 983 719 1065 significare
742 983 905 1066 volucris,·
927 982 1011 1045 nulla
1032 984 1152 1064 aptiora
1174 981 1341 1062 invenies,·
1364 997 1454 1060 quam
1476 973 1566 1055 ὕβρις

414 1090 545 1173 φονεύει
566 1088 754 1173 οὕραννον.“
1273 1110 1275 1114 ·

500 1199 623 1262 Deinde
644 1200 727 1279 ipsa,
749 1197 790 1260 de
813 1215 873 1278 qua
897 1198 1015 1279 agitur,
1038 1194 1166 1276 stropha
1190 1193 1285 1256 altera
1308 1194 1481 1256 sententiae
1503 1208 1565 1249 nc-

412 1315 499 1370 slrae
522 1308 630 1369 minum
654 1312 800 1385 quantam
822 1306 915 1368 favet.
969 1303 1045 1366 Nam
1068 1304 1099 1365 in
1122 1302 1300 1364 universum
1324 1316 1468 1377 magnum
1491 1296 1564 1359 illud

412 1415 574 1496 religionis
596 1412 740 1495 studium,
764 1413 848 1494 qued
870 1412 912 1475 ibi
934 1391 1134 1493 censpicuum
1158 1426 1229 1472 esse
1254 1426 1347 1489 supra
1371 1406 1481 1469 dictum
1506 1412 1564 1480 est,

411 1519 500 1584 nulle
521 1519 602 1601 apud
625 1519 833 1582 Athenienses
853 1526 993 1599 tempore
1015 1517 1114 1581 mains
1136 1516 1202 1599 luit,
1232 1533 1324 1596 quam
1347 1532 1397 1597 ec,
1420 1530 1482 1592 quc
1505 1528 1565 1573 nos

413 1626 551 1689 fabulam
574 1632 673 1689 actam
698 1642 770 1688 esse
793 1623 1019 1712 contendimns,
1043 1624 1090 1689 Ol.
1113 1621 1165 1706 91,
1190 1620 1205 1684 l
1230 1644 1273 1681 =
1296 1620 1359 1684 415
1383 1639 1411 1683 a.
1435 1616 1506 1681 Cb'r.
1524 1636 1564 1699 m,

413 1751 484 1796 cnm
507 1732 683 1798 Alcibiades
705 1732 973 1824 prepterllcrmas
997 1732 1135 1796 deiectas
1157 1736 1189 1794 et
1211 1731 1355 1811 mysteria
1374 1728 1489 1790 violata
1505 1727 1565 1789 ab-

412 1857 489 1903 sens
523 1858 595 1904 rens
627 1840 726 1904 lactas
760 1848 844 1904 esset
861 1839 892 1922 ¹).
942 1840 1097 1903 Facillime
1127 1831 1228 1903 antem
1260 1838 1354 1899 verba
1385 1854 1465 1916 quae
1493 1842 1564 1897 snnt

411 1944 494 2009 caldi
516 1945 683 2028 δαιμόνων
704 1944 761 2029 idq
782 1948 886 2027 σέβων
906 1948 1066 2030 explicari,
1088 1948 1114 2009 si
1137 1945 1176 2009 de
1191 1945 1355 2010 llermisin
1378 1944 1472 2007 sede
1494 1949 1565 2004 tur-

411 2056 496 2119 batis
516 2063 641 2136 poetam
665 2055 853 2138 cogitavisse
874 2070 1035 2137 ponamus,
1059 2071 1150 2115 nemo
1169 2052 1304 2134 negabit.
1348 2050 1445 2113 liliam
1466 2050 1564 2112 verba

413 2179 498 2242 quae
519 2170 690 2243 sequuntur
1004 2161 1007 2166 '
1611 2164 1614 2169 '

671 2264 858 2349 δυσπότμου
879 2268 976 2349 χάριν
996 2262 1130 2345 χλιδιίς,

571 2403 574 2408 ·
674 2373 705 2435 εί
718 2372 769 2457 μὴ
791 2375 825 2436 ιδ
848 2371 961 2457 ιιίρδος
982 2369 1131 2456 κερδανεῖ
1151 2367 1282 2442 δικαίως

414 2482 500 2543 benc
523 2480 563 2544 de
586 2480 749 2544 Alcibiade
770 2481 909 2563 intellegi
930 2486 1080 2560 passnnt3
1113 2477 1184 2559 qnid
1218 2477 1298 2540 enim
1321 2494 1390 2537 cum
1413 2475 1460 2537 bis
1484 2476 1565 2537 iaci-

410 2590 472 2651 lius
495 2588 654 2650 conciliari
676 2595 809 2669 potest,·
832 2605 924 2667 qnam
946 2586 1027 2666 qued
1063 2584 1145 2647 idem
1167 2583 1271 2646 Nicias
1295 2582 1375 2663 apud
1398 2581 1492 2644 Thac.
1516 2581 1564 2663 vt,

416 2692 457 2757 lt
483 2694 524 2757 de
544 2695 598 2757 illc
624 2695 711 2757 dicit:
739 2694 771 2755 si
789 2693 823 2755 cd
843 2713 889 2765 τις
911 2691 1056 2775 ἄρχειν
1077 2690 1254 2772 ἄσμενος
1274 2686 1457 2772 αἱρεθεὶς
1479 2709 1567 2769 παρ-

412 2807 501 2864 αινεῖ
531 2798 609 2882 δμῐν
637 2798 856 2876 λισλσϊν,--οδ
885 2796 1028 2863 ἑαυτοῦ
1049 2800 1174 2882 μόνον
1196 2798 1366 2872 dannaia,
1401 2793 1509 2870 ἄλλας
1535 2818 1567 2859 aa

411 2911 469 2971 καί
490 2907 639 2991 νεώτερος
661 2907 708 2972 ἔνι’
727 2911 774 2970 δν
794 2906 827 2981 da
854 2906 889 2970 νδ
917 2906 1048 2992 ἄρχειν,
1080 2905 1170 2979 ὅπως
1203 2907 1389 2994 dcccco-93⁶
1411 2908 1472 2986 μὲν
1496 2903 1565 2967 α’πδ

411 3018 467 3100 τῆς
487 3012 721 3098 λπποιροφίας,
754 3014 823 3081 διὰ
855 3012 896 3076 da
925 3011 1204 3078 πολυτέλειαν
1225 3015 1293 3075 καὶ
1314 3009 1510 3100 οίφιληίίῇ
1531 3035 1565 3074 οι

412 3123 457 3186 λιι
479 3126 548 3207 τῆς
569 3121 711 3207 ἀρχῆς,
739 3120 822 3206 μηδὲ
842 3121 940 3208 nealcae
962 3121 1185 3206 λμσαροίσχρνο
1206 3123 1250 3208 τῷ
1277 3123 1331 3204 σῆς
1352 3118 1476 3193 πόλεως
1497 3138 1566 3182 κιν-

413 3230 503 3318 δύνῳ
525 3229 615 3312 ἰδίᾳ
647 3229 1020 3315 ἐλλαμπρύνασθαι,
1054 3232 1204 3313 νομίσασα
1234 3227 1270 3292 δὲ
1303 3228 1379 3302 mdc
1406 3227 1566 3301 σοιοιίσονς

412 3337 453 3402 ιδ
474 3340 536 3420 μὲν
556 3336 695 3423 δημόσια
717 3335 852 3414 δδιιισΐν,
874 3337 913 3401 τοὶ
935 3336 973 3400 δὲ
994 3335 1065 3400 ίδια
1081 3334 1243 3401 Ιοἷναλοιίν.
1287 3339 1375 3412 Quae
1389 3353 1465 3400 vcro
1485 3335 1565 3417 apud

415 3446 604 3529 Sophoclem
627 3454 816 3528 sequuntur:

672 3555 727 3616 καὶ
747 3555 812 3616 σίν
833 3550 980 3617 dedum
1001 3553 1139 3638 ίρξιοαι,

677 3661 699 3744 ἢ
720 3661 783 3723 τῶν
805 3657 951 3724 α’θίκτων
972 3662 1075 3736 item
1094 3658 1257 3742 μαοᾷζον,

417 3769 458 3831 dc
490 3766 645 3849 mysteriis
677 3766 797 3830 violatis
819 3767 1001 3850 liermlsqnc
1022 3767 1167 3832 mutilatis
1199 3767 1279 3830 dicta
1303 3784 1374 3829 csse
1397 3767 1564 3830 videantur.

414 3873 600 3938 Rectissime
628 3872 734 3956 igitur*
751 3874 945 3956 blbsgravins
978 3874 1017 3937 ad
1046 3894 1076 3937 v.
1098 3872 1161 3936 883
1194 3892 1261 3955 sqq.
1283 3872 1362 3937 baec
1396 3874 1564 3936 annotavit:

418 3982 472 4063 „ln
495 3980 542 4045 bis
565 3980 706 4046 versibus
730 3989 811 4063 quot·
825 3998 933 4064 voces·
953 3982 1082 4046 totidem
1104 3982 1172 4047 lere
1194 3979 1377 4046 lineamenta
1399 3980 1566 4043 Alcibiadis

417 4104 583 4170 agnoscas.
626 4087 710 4162 ouis
741 4086 794 4150 illo
818 4088 982 4168 superbior
1002 4087 1089 4170 χερσὶ
1109 4089 1164 4149 καὶ
1185 4084 1290 4172 λόγῳ,
1325 4088 1378 4167 qui
1399 4086 1565 4150 verberum

417 4194 610 4260 contumeliis
633 4214 693 4258 ncn
717 4203 891 4278 contentus,
914 4197 1080 4259 nonnullos
1102 4198 1192 4258 etiam
1216 4214 1255 4257 ex
1271 4194 1492 4276 potentioribus
1516 4195 1566 4257 vi-

415 4303 459 4366 ris
482 4302 593 4386 pugnis
616 4302 750 4365 cecidit?
794 4303 868 4378 Quis
890 4304 988 4384 magis
1000 4311 1197 4385 contemptor
1216 4304 1301 4386 iuris,
1323 4299 1415 4374 δίιιας
1437 4296 1567 4384 deditq-

492 4556 517 4627 1)
536 4554 577 4612 Cl.
594 4573 626 4611 aa
647 4574 718 4631 quae
738 4556 769 4613 C.
783 4556 814 4614 F.
835 4558 977 4619 Hermann
1002 4562 1031 4617 in
1051 4560 1152 4618 baim
1178 4561 1228 4617 dar
1252 4559 1358 4630 arioch.
1378 4557 1565 4615 Suatedtcrt.

416 4650 447 4722 S.
470 4651 520 4706 164
539 4669 565 4705 n.
588 4653 621 4707 lb
639 4652 737 4707 attulit.
