4142 5675
931 617 1147 684 ..18-

460 788 552 854 certis
574 796 606 852 et
629 789 762 854 delinitis
785 796 907 871 poetam
932 794 975 855 uti
999 794 1117 874 verbis,
1154 797 1187 854 ut
1208 809 1247 854 ex
1270 792 1335 871 ipsa
1358 793 1475 850 tantum
1499 785 1607 852 lahala

459 897 551 978 plane
574 895 722 978 explicari
745 912 807 957 non
831 898 962 976 possint.
1011 898 1161 963 locustam
1192 897 1273 959 enirn
1297 912 1472 975 quanquam
1493 893 1607 957 leviter

459 1002 498 1063 de
522 1002 656 1065 oraculis
678 1001 874 1085 iudicaverit,
905 1009 1006 1066 tamen
1041 1021 1129 1066 sacra
1162 1003 1385 1082 contempsisse
1408 1008 1439 1064 et
1461 1019 1500 1065 ea
1525 1018 1607 1081 quae

459 1110 544 1190 tangi
581 1126 643 1170 non
672 1108 764 1171 liceat
796 1108 921 1171 nefariis
954 1110 1093 1173 manibus
1126 1111 1267 1192 tetigisse
1302 1109 1361 1171 dici
1398 1126 1460 1171 non
1497 1125 1606 1187 posse.

462 1215 551 1288 Quod
575 1232 604 1278 v.
627 1211 691 1276 883
716 1212 835 1276 dicatur
856 1216 962 1298 χερσὶν
984 1222 1015 1277 et
1037 1235 1067 1278 v.
1090 1214 1154 1277 885
1177 1210 1254 1278 οὐδὲ
1285 1211 1452 1296 δαιμόνων
1472 1211 1530 1297 adq
1552 1214 1607 1276 ud-

456 1320 525 1400 βων
559 1318 598 1403 (id
622 1320 705 1401 quod
729 1319 900 1384 Schoellius
931 1320 971 1382 dc
994 1320 1122 1385 deorum
1146 1321 1317 1385 simulacris
1346 1320 1531 1403 intellegit),
1564 1319 1603 1383 ad

459 1443 527 1488 eam
552 1426 677 1488 omnino
701 1440 763 1486 non
787 1424 953 1509 quadrare,
975 1426 1067 1507 plane
1090 1445 1166 1491 vern
1180 1427 1445 1490 accommodatum
1468 1443 1542 1489 esse
1564 1425 1604 1489 ad

458 1549 509 1614 ca,
533 1549 614 1611 quaa
637 1548 676 1593 eo
702 1537 842 1611 tempore
870 1530 939 1594 licta
973 1534 1049 1614 sint,
1080 1534 1205 1595 crimina
1241 1533 1440 1614 gravissima,
1476 1540 1605 1613 propter
1641 1545 1643 1550 ·

458 1654 539 1719 quae
563 1636 652 1698 amioi
673 1635 799 1699 Periclis
822 1646 853 1701 et
874 1637 996 1702 Phidias
1019 1647 1050 1700 et
1067 1640 1274 1721 Anaxagoras
1297 1646 1329 1701 et
1341 1637 1470 1719 Aspasia
1493 1637 1527 1699 in
1551 1639 1603 1701 iu-

458 1742 568 1805 dicium
591 1742 694 1805 vocati
717 1745 779 1805 sint
795 1741 825 1826 ¹).
869 1744 936 1807 lloc
965 1745 1037 1806 loco
1066 1745 1164 1807 videri
1186 1746 1284 1826 ipsum
1316 1733 1440 1823 quoque
1469 1749 1604 1825 poetam,

458 1867 527 1912 cum
551 1846 677 1910 chorum
701 1847 771 1910 talia
795 1847 887 1911 iaciat
912 1829 1073 1932 dicentem,
1097 1848 1128 1910 in
1151 1847 1298 1910 Periclem
1322 1846 1438 1928 invehi,
1470 1847 1529 1912 sed
1552 1848 1603 1911 ai-

457 1954 525 2017 deri
548 1960 677 2017 tantum:
702 1971 772 2017 nam
793 1955 884 2017 facile
908 1973 945 2018 ea
968 1953 1064 2017 verba
1089 1952 1161 2016 inde
1185 1954 1349 2036 explicari,
1382 1954 1466 2034 quod
1487 1954 1618 2018 chorus·

457 2078 575 2125 summo
598 2060 759 2143 religionis
790 2061 893 2124 studio
922 2061 1013 2142 plane
1044 2061 1189 2141 abreptus
1212 2061 1378 2141 animoque
1400 2062 1449 2124 vel
1471 2062 1603 2125 maxima

457 2171 630 2230 commotus
652 2165 701 2228 sit.
745 2165 841 2238 Quem
865 2166 1004 2229 nimirum
1027 2184 1146 2231 summo
1169 2166 1330 2248 religionis
1353 2164 1456 2230 studio
1477 2166 1627 2241 inflam-v

456 2279 569 2335 matum
591 2271 647 2334 suh
669 2269 760 2332 finem
784 2273 929 2336 carminis
958 2291 997 2336 eo
1020 2274 1214 2354 procedere,
1248 2280 1282 2335 ut
1303 2273 1371 2351 ipsc
1394 2270 1525 2336 deorum
1547 2292 1604 2338 re-

458 2376 799 2459 verentiam'neglegat
821 2397 867 2459 ac,
890 2378 949 2441 nisi
965 2396 1099 2460 poenam
1116 2379 1162 2440 eis
1185 2378 1238 2459 qui
1261 2380 1361 2443 meriti
1382 2380 1444 2443 sint
1465 2380 1603 2444 tribuere

458 2484 630 2563 voluerint,
664 2499 699 2543 sc
732 2500 795 2544 non
828 2482 888 2545 iam
923 2500 980 2545 eos
1013 2482 1163 2545 culturum
1188 2501 1259 2547 esse
1283 2485 1438 2547 minitetur
1452 2482 1493 2568 ²).
1539 2479 1601 2549 Sed

458 2592 532 2673 quid
555 2592 622 2671 ipsc
646 2597 739 2670 poeta
763 2588 809 2652 his
832 2588 919 2651 chori
943 2588 1104 2652 sententiis
1128 2589 1218 2652 tribui
1232 2589 1315 2672 volit,
1338 2608 1401 2654 non
1417 2607 1511 2672 possa
1528 2608 1603 2672 pcr-

456 2698 550 2779 spicl,
584 2696 641 2758 nisi
675 2693 831 2775 quomodo
856 2712 913 2756 eae
936 2712 1005 2756 cum
1037 2695 1083 2757 eis
1106 2713 1186 2775 quae
1209 2702 1381 2775 sequuntur
1402 2698 1602 2781 consentiant,

458 2800 683 2866 consideretur.
728 2798 805 2863 Eum
829 2799 910 2862 enim
933 2800 1058 2881 saepius
1081 2817 1117 2864 ea
1132 2800 1237 2865 dicere
1254 2800 1363 2880 videri,
1387 2801 1604 2882 quihussite-

460 2918 524 2973 tum
539 2908 642 2971 locum
657 2905 866 2989 respiciamus,
892 2924 994 2968 veram
1019 2907 1087 2968 cius
1109 2909 1292 2971 sententiam
1316 2906 1522 2990 iudiciumque
1540 2928 1604 2977 non

460 3014 613 3078 contineri
635 3028 872 3094 cognoscamus.
915 3012 1022 3091 ltaque
1044 3011 1105 3076 hoc
1127 3031 1252 3095 quoque
1273 3014 1344 3078 loco
1366 3025 1489 3096 poetam
1504 3017 1603 3098 ipsum

462 3122 599 3184 indicare
629 3118 719 3181 nimis
752 3116 860 3179 durum
895 3115 1041 3179 iudicium
1072 3118 1111 3180 de
1133 3117 1253 3182 locusta
1287 3120 1417 3187 deorum
1439 3129 1604 3206 contemp-

462 3228 538 3293 trice
552 3226 576 3310 ὅ)
600 3244 617 3289 a
640 3225 738 3288 choro
761 3220 912 3304 prolatum
936 3239 1020 3301 esse3
1052 3227 1152 3288 statim
1182 3227 1262 3289 enim
1285 3247 1316 3289 v.
1338 3223 1399 3289 911
1426 3231 1512 3291 corni
1536 3247 1603 3294 eam

462 3334 523 3396 hoc
545 3332 672 3395 crimine
695 3329 830 3412 petitam,
855 3346 923 3390 cum
945 3327 1077 3408 prodeat
1099 3330 1137 3393 ad
1151 3349 1238 3396 sacra
1254 3333 1395 3397 facienda
1409 3333 1492 3397 etad
1506 3337 1604 3418 ipsum

461 3438 635 3520 Apollinem
647 3435 672 3520 4)
695 3434 826 3516 supplex
848 3433 986 3496 accedat
1031 3433 1153 3498 Deinde
1180 3437 1277 3517 ipsum
1301 3437 1426 3502 chorum
1450 3440 1489 3503 ah
1507 3443 1605 3524 Apol-

460 3546 523 3608 line
545 3551 663 3626 petero‚
686 3547 719 3603 ut
741 3558 803 3623 quo
825 3556 945 3622 genere
969 3537 1108 3622 Oedipus
1134 3546 1224 3605 natus
1246 3543 1301 3626 sit,
1324 3546 1507 3632 patefaciam
1542 3567 1605 3630 quo

461 3649 543 3714 facto
567 3664 635 3710 cum
658 3662 710 3707 res
734 3650 843 3705 contra
866 3658 952 3722 spem
975 3645 1140 3727 evenisset,
1161 3643 1235 3706 nihil
1252 3645 1349 3709 choro
1362 3648 1502 3712 relictum
1523 3668 1605 3726 esse,

461 3755 521 3820 nisi
543 3761 574 3818 ut
588 3752 611 3838 ⁵]
632 3746 873 3814 infelicissimam
897 3748 1007 3832 Oedipi
1038 3756 1153 3813 sortem
1175 3749 1334 3834 deplorct;
1366 3762 1397 3817 et
1418 3763 1566 3838 quantum
1588 3778 1606 3822 a

460 3894 765 3909 Μ

534 3991 560 4057 1)
579 3984 621 4042 Cl.
637 3984 778 4041 Plutarch.
795 3984 849 4041 rita
867 3982 968 4040 Pericl.
986 3987 1018 4041 31
1041 4004 1083 4061 aq.

532 4081 560 4153 2)
579 4077 621 4136 Cl.
639 4098 664 4135 ι.
681 4079 737 4137 897
753 4095 816 4152 sqq.
835 4077 920 4133 adadu
937 4075 983 4135 ιδν
1001 4080 1113 4136 disemo
1130 4083 1189 4155 ιῖμι
1204 4082 1257 4154 γᾶς
1273 4081 1312 4137 ln’
1333 4082 1460 4158 ὀμφαλὸν
1476 4087 1572 4157 σέβων,

813 4169 876 4225 odd'
899 4173 926 4234 tc
942 4173 987 4228 τὸν
998 4172 1111 4243 ”Apama
1128 4174 1213 4237 ναόν,
1232 4174 1295 4229 οὐδὲ
1310 4174 1359 4229 τὰν
1372 4174 1534 4250 Ὀλυμπίαν,

814 4264 839 4317 sl
853 4263 891 4335 μὴ
909 4263 970 4319 τάδε
984 4266 1151 4336 χιιρόδειιιια
1168 4267 1252 4321 πᾶσιν
1269 4266 1384 4339 ἁρμόσει
1400 4274 1515 4342 βροτοῖς.

532 4356 560 4429 8)
579 4352 624 4410 Cf.
642 4371 667 4408 u.
684 4354 752 4410 9⁰92
788 4355 931 4429 κούδαμοῦ
949 4363 1039 4430 τιμαῖς
1052 4359 1185 4415 Ἀπόλλων
1203 4360 1333 4434 ἐμφανής.

531 4449 559 4519 4)
578 4465 602 4502 u.
624 4445 677 4500 919
696 4462 751 4517 sq:
776 4447 845 4517 πρός
860 4447 896 4512 o’,
915 4442 1037 4504 datare

773 4538 921 4605 Ἄπολλον,
947 4542 1073 4614 clypeatae
1090 4541 1145 4614 γὰρ
1163 4545 1201 4608 εἴ,

778 4632 856 4694 ἱκέτις
874 4633 998 4708 ἀφῖγμαι
1015 4636 1101 4689 cnidda
1118 4635 1168 4689 σὺν
1185 4635 1377 4710 κατεύγμασιι.,

532 4727 559 4796 5)
578 4739 603 4776 a.
625 4721 693 4778 1186
713 4740 771 4796 sqq.
