4142 5675
409 1557 613 1725 Quanquam
648 1644 686 1707 ad
709 1646 865 1728 ingenium
889 1654 1001 1728 poetae
1024 1649 1174 1730 cuiusque
1195 1653 1283 1710 recte
1305 1647 1552 1729 perspiciendum

410 1751 534 1815 multum
557 1754 687 1817 interest
707 1755 805 1837 scire,
840 1772 902 1835 quo
933 1761 1074 1837 ternpore
1101 1756 1236 1818 carmina
1258 1773 1312 1819 sua
1335 1758 1553 1839 composuerit,

410 1865 443 1920 ut
465 1860 691 1944 intellegamus,
715 1880 774 1944 qua
798 1860 847 1926 via
871 1863 908 1926 ab
932 1863 1020 1925 initio
1044 1863 1081 1925 ad
1098 1881 1245 1926 summam
1269 1871 1365 1927 artem
1390 1865 1552 1927 omnibus-

410 1983 473 2047 que
494 1968 632 2031 numeris
660 1968 831 2033 absolutam
860 1970 1055 2052 pervenerit,
1087 1977 1191 2034 tamen
1218 1969 1378 2052 bucusque
1399 1989 1553 2054 persaepe

411 2072 469 2135 viri
492 2072 661 2137 doctissimi
683 2077 713 2138 in
736 2077 927 2157 temporibus
947 2075 1156 2158 disquirendis
1186 2076 1299 2139 frustra
1322 2093 1449 2158 operam
1471 2096 1553 2141 con-

410 2189 621 2261 sumpserunt3
657 2200 738 2265 quae
768 2183 893 2263 quidem
923 2184 1124 2264 quaestiones
1151 2183 1333 2265 plerumque
1355 2184 1480 2245 summis
1502 2184 1552 2247 ia-

411 2286 524 2350 borant
547 2287 786 2352 difficultatibus.
844 2289 939 2353 Cuius
971 2290 1019 2352 rei
1054 2306 1148 2353 causa
1174 2290 1207 2351 in
1230 2307 1270 2351 eo
1294 2292 1474 2371 quaerenda
1497 2299 1553 2371 est,

411 2394 494 2475 quod
515 2403 654 2459 veterum
677 2398 870 2471 testimonia,
903 2415 985 2478 quae
1013 2416 1134 2460 omnem
1164 2396 1384 2459 dubitationem
1409 2397 1553 2461 dirimere

411 2508 546 2582 possent,
570 2511 629 2566 tam
652 2521 722 2567 rara
745 2510 869 2566 suntet
892 2504 1074 2586 pierumque
1089 2506 1130 2567 ita
1142 2512 1328 2587 comparatu,
1349 2512 1383 2567 ut
1396 2522 1458 2585 quo
1470 2514 1553 2568 tem-

410 2625 489 2690 pore
512 2609 645 2682 carmina
669 2617 738 2672 nata
762 2611 823 2673 sint
844 2610 905 2675 iliis
929 2612 1076 2674 constitui
1097 2616 1243 2692 nequeat.
1297 2611 1387 2685 Quod
1411 2612 1462 2674 vei
1485 2632 1554 2675 ma·

410 2716 495 2780 xime
518 2716 648 2798 quadrat
669 2720 701 2780 in
725 2716 921 2800 Sophoclem,
947 2736 1015 2780 cum
1041 2718 1248 2781 difficillimum
1271 2720 1310 2781 sit
1325 2727 1470 2782 accurate
1492 2721 1553 2783 de·

408 2823 498 2888 dnire
528 2843 590 2906 quo
616 2830 757 2908 tempore
787 2824 905 2889 iabulas
936 2823 1078 2890 docuerit
1099 2825 1150 2889 vel
1173 2827 1341 2908 scripserit.
1395 2827 1446 2892 Sic
1480 2827 1554 2893 Pbi-

408 2932 554 2995 loctetam
577 2933 673 2996 solam
698 2951 768 2996 esse
790 2940 912 2997 constat
941 2932 1092 3016 fabulam,
1132 2952 1213 3015 quae
1246 2935 1277 2995 in
1302 2932 1361 2997 bac
1382 2951 1419 2997 re
1440 2935 1553 2998 nuliam

409 3039 478 3102 iura
504 3041 654 3121 praebeat
683 3039 920 3124 dubitationem,
951 3059 1019 3102 cum
1042 3041 1074 3102 in
1097 3058 1215 3121 argum.
1246 3059 1363 3123 graeco
1395 3044 1553 3122 expressis

409 3147 514 3210 verbis
538 3147 673 3211 dicatur:
706 3145 869 3232 ἐδιδάχθη
890 3146 945 3210 dut
966 3145 1194 3222 Γλαυκίππου,
1217 3149 1270 3229 qui
1292 3147 1346 3211 fuit
1365 3148 1480 3212 archon
1504 3150 1552 3215 01.

408 3255 463 3339 92,
486 3253 516 3318 3.
569 3256 617 3320 Aa
640 3247 763 3338 probari
785 3258 907 3340 quidem
929 3263 1032 3339 potest
1055 3259 1148 3319 certis
1172 3257 1354 3320 testimoniis
1383 3276 1553 3340 argumen-

410 3365 512 3445 tisque
541 3363 731 3446 Antigonam
760 3363 882 3428 doctam
913 3381 984 3429 essa
1005 3363 1054 3428 01.
1077 3361 1135 3450 84,
1165 3363 1251 3426 4=
1275 3361 1336 3426 441
1371 3384 1398 3427 a.
1426 3365 1497 3428 Cbr.
1521 3385 1551 3428 n.

408 3470 473 3536 Sed
494 3470 634 3555 Electra,
663 3472 759 3555 Aiax,
791 3472 973 3536 Trachinius
1001 3473 1112 3554 quibus
1134 3472 1325 3554 temporibus
1348 3472 1461 3536 doctae
1483 3475 1553 3556 sint,

408 3597 472 3643 non
496 3579 555 3643 nisi
577 3579 694 3642 incerta
717 3597 882 3661 possumus
906 3581 1030 3662 assequi
1044 3581 1233 3643 coniectura.
1277 3579 1387 3661 Neque
1402 3599 1467 3642 rem
1482 3600 1553 3644 me·
1609 3624 1611 3629 -

409 3685 468 3750 iius
483 3704 563 3750 sese
585 3685 702 3750 babere
725 3689 882 3770 cognoris,
905 3689 931 3751 si
952 3686 1104 3769 Oedipum
1126 3687 1245 3770 Regem
1268 3693 1300 3749 et
1311 3685 1462 3769 Oedipum
1486 3687 1552 3750 Co·
1590 3696 1613 3721 ·’

409 3794 534 3856 loneum
557 3795 746 3875 respexeris.
791 3794 867 3858 Nam
898 3793 1059 3874 usquead
1083 3791 1144 3855 boc
1166 3798 1285 3872 tempus
1303 3794 1361 3855 riri
1384 3793 1553 3857 doctissimi

408 3898 450 3963 da
473 3906 630 3985 tempore,
664 3918 726 3980 quo
748 3901 833 3982 prior
856 3900 959 3964 fabula
984 3901 1075 3962 docta
1098 3899 1152 3982 sit,
1187 3899 1412 3964 diversissimas
1435 3918 1554 3981 propo-

407 4014 537 4072 suerunt
569 4010 750 4072 sententias.
807 4008 914 4091 itaque
944 4027 1021 4072 sane
1055 4026 1174 4090 operae
1203 4009 1336 4089 pretium
1366 4016 1415 4072 est
1447 4009 1551 4072 denuo

372 4100 377 4108 ’
406 4114 489 4177 banc
512 4117 723 4196 quaestionem
747 4117 778 4178 in
801 4116 905 4179 medio
927 4133 1129 4197 proponere,
1158 4132 1195 4177 ac
1218 4114 1288 4177 fore
1311 4131 1485 4197 speramus,
1519 4123 1553 4178 ut

406 4222 536 4303 primum
561 4221 718 4303 quomodo
739 4224 800 4284 iam
830 4239 881 4285 res
910 4239 947 4285 ac
973 4221 1102 4303 babeat,
1134 4219 1248 4283 deinde
1274 4219 1347 4302 quid
1381 4238 1437 4301 pro
1464 4227 1551 4284 certo

406 4328 524 4393 babere
547 4332 709 4413 possimus,
732 4329 844 4393 ciarins
869 4339 1026 4412 appareat.
1071 4331 1109 4394 Ut
1125 4347 1216 4413 quem
1240 4328 1278 4392 ad
1301 4329 1393 4392 finem
1414 4345 1553 4410 perven-

407 4438 469 4500 turi
492 4437 601 4521 simus,
623 4436 673 4499 bic
695 4438 796 4501 statim
823 4437 1012 4518 indicemus,
1035 4454 1210 4520 quanquam
1235 4437 1446 4517 quaestionem
1469 4434 1553 4496 diffi-

409 4541 550 4606 cillimam
583 4543 625 4607 ita
655 4552 689 4607 ut
716 4544 799 4608 nulia
832 4551 931 4609 restet
962 4544 1109 4608 dubitatio
1141 4561 1199 4607 nos
1232 4543 1454 4607 diiudicaturos
1481 4560 1553 4605 esse

407 4668 472 4715 non
495 4653 735 4734 promiserimus,
757 4653 951 4717 inveniemus
974 4661 1076 4717 tamen
1099 4670 1246 4717 summam
1265 4659 1352 4715 certa
1375 4649 1549 4714 verisimili-

407 4758 564 4843 tudinem,
586 4777 677 4840 quam
701 4779 797 4842 saepe
819 4763 845 4826 si
866 4763 978 4824 veritas
1001 4762 1067 4842 ipsa
1089 4760 1220 4822 inveniri
1242 4775 1305 4823 nou
1328 4758 1441 4841 possit,
1464 4758 1554 4820 nobis

1220 4868 1269 4932 l·
