4142 5675
940 646 1133 708 ..9-

464 828 583 894 ramus,
607 817 766 891 postremo
789 818 925 875 nostram
950 816 1134 877 sententiam
1157 814 1365 899 proferamus,
1399 817 1608 898 argumentis-

466 938 528 1000 que
551 918 673 980 firmare
696 920 883 982 studeamus.

552 1029 719 1091 Possumus
742 1045 804 1090 uno
827 1046 933 1090 omnes
961 1047 1040 1110 quae
1064 1028 1202 1109 prolatae
1224 1036 1295 1092 sunt
1326 1033 1497 1094 sententias
1528 1048 1610 1092 con-

465 1144 575 1218 spectu
618 1135 903 1218 comprehendere,
941 1137 967 1198 si
1004 1155 1058 1198 eas
1093 1138 1190 1199 tribus
1220 1137 1349 1201 ducibus
1389 1139 1609 1220 subiungimus.

466 1245 525 1319 Qui
549 1246 674 1326 primam
704 1250 821 1324 partem
854 1243 955 1325 duxit,
985 1241 1042 1306 luit
1064 1243 1277 1326 hlusgravius,
1313 1247 1364 1325 qui
1389 1248 1510 1309 censuit
1532 1246 1609 1309 Oed.

466 1352 595 1435 Regu.
618 1349 681 1413 873
704 1368 771 1431 sqq.
795 1349 833 1411 ad
856 1348 1048 1413 Alcibiadem
1077 1349 1263 1413 referendos
1296 1370 1386 1434 esse3
1416 1354 1505 1416 cuius
1535 1370 1611 1415 sen-

468 1461 585 1523 tentiae
608 1458 809 1540 adstipulatus
833 1465 880 1520 est
901 1458 1039 1539 inprimis
1062 1459 1098 1521 G.
1121 1459 1331 1542 hermannus,
1359 1463 1410 1540 qui
1430 1461 1469 1522 ad
1495 1480 1522 1523 v.
1546 1461 1611 1523 873

466 1566 651 1648 Sophoclem
681 1583 750 1626 cnm
780 1562 862 1626 hanc
889 1563 1021 1628 sahulem
1051 1565 1216 1648 scriberet,
1249 1567 1483 1647 octogenarium
1514 1568 1609 1629 luisse

466 1680 675 1823 susprg‘lplpin
706 1765 806 1821 autem
836 1767 942 1821 contra
974 1758 1031 1821 hos
1060 1777 1247 1841 causamque
1270 1778 1356 1822 suam
1379 1759 1609 1841 diligentissime

465 1868 531 1951 egit
554 1867 642 1932 OF.
664 1866 855 1930 llermannus
878 1867 909 1928 in
933 1874 1064 1948 quaesit.
1079 1866 1229 1948 Oedipod.
1253 1886 1342 1948 capp.
1363 1867 1402 1930 lll
1425 1886 1454 1948 p.
1472 1868 1512 1929 25
1531 1887 1608 1950 sqq,

468 1978 522 2059 qni
546 1995 615 2040 cum
635 1974 812 2040 Bocclrhius
828 1974 850 2059 ¹)
872 1982 1000 2056 propter
1034 1974 1114 2038 duos
1149 1994 1207 2038 eos
1235 1976 1287 2057 qui
1313 1973 1394 2056 apud
1418 1976 1610 2038 Athenaeum

466 2091 590 2148 exstant
613 2084 700 2147 locos
724 2082 875 2164 Oedipum
898 2084 1014 2166 Regem
1041 2090 1111 2163 post
1127 2082 1281 2164 Euripidis
1293 2080 1445 2165 Medeam,
1470 2082 1529 2145 hoc
1553 2092 1609 2164 est,

465 2199 537 2274 post
559 2191 607 2253 Ol.
630 2189 682 2273 87,
709 2187 722 2250 l
749 2188 858 2251 editam
884 2207 955 2252 esse
978 2188 1121 2270 dixisset,
1144 2191 1202 2251 iam
1226 2190 1326 2252 missis
1348 2188 1395 2253 his
1413 2190 1610 2271 argumentis,

466 2300 563 2364 nihilo
587 2306 690 2362 tamen
704 2300 806 2361 secius
822 2297 888 2361 aliis
912 2297 1103 2379 argumentis
1127 2297 1236 2360 ductus
1252 2306 1282 2359 et
1296 2300 1362 2377 ipso
1385 2297 1515 2360 eandem
1542 2316 1609 2360 cnm

463 2408 625 2473 boechhio
649 2406 860 2488 Olympiadem
885 2413 1023 2469 tueretur
1054 2408 1197 2487 adeoque
1226 2406 1326 2486 ipsum
1348 2405 1427 2469 illius
1450 2405 1609 2488 Olympia-

464 2517 513 2580 dis
536 2534 647 2579 annum
671 2516 793 2578 tertium
817 2519 979 2576 exeuntem
1004 2534 1045 2571 =
1069 2510 1132 2574 429
1156 2531 1183 2574 a.
1201 2512 1272 2575 Chr.
1294 2531 1323 2573 n.
1348 2511 1608 2593 fabulaeSopho-

462 2624 553 2687 oleae
574 2619 706 2685 natalem
729 2638 792 2683 non
819 2619 888 2684 sine
918 2618 1018 2699 aliqua
1049 2618 1241 2681 certitudinis
1274 2618 1380 2699 specie
1412 2620 1609 2682 constituisse

462 2732 522 2796 sihi
545 2729 712 2792 videretur.
756 2726 939 2806 Atquealia
963 2724 1136 2805 dequibus
1160 2723 1233 2788 dicit
1265 2734 1447 2806 argumenta
1489 2726 1608 2789 dnobus

463 2839 537 2903 licet
557 2832 834 2917 comprehendere,
858 2850 989 2914 quorum
1013 2831 1140 2895 alterum
1164 2833 1194 2895 in
1219 2852 1258 2896 eo
1283 2842 1432 2917 uersatur,
1455 2842 1488 2897 ut
1510 2839 1609 2916 pesti-

462 2945 578 3009 lentiae
609 2942 932 3006 commemorationem
956 2941 986 3002 in
1021 2939 1154 3001 exordio
1187 2939 1308 3003 iahulae
1340 2941 1497 3022 aptissime
1521 2942 1610 3006 adid

462 3062 583 3133 tempus
605 3049 715 3114 reierri
739 3048 834 3132 dicat,
857 3049 1000 3130 alterum,
1031 3055 1065 3111 ut
1087 3049 1143 3110 sub
1167 3046 1279 3128 Oedipi
1303 3067 1437 3129 persona
1460 3051 1607 3112 Periclem

462 3179 482 3220 a
504 3163 597 3238 pocta
619 3155 807 3237 exagitatum
829 3170 900 3215 esse
927 3151 1102 3216 arbitretur.
1159 3152 1254 3225 Onam
1279 3154 1455 3233 opinionem
1480 3154 1607 3217 antec.

461 3266 494 3329 F.
521 3263 726 3326 llermannum
756 3261 847 3322 etiam
869 3260 901 3324 F.
925 3258 1049 3324 Schultz
1064 3257 1088 3343 2)
1119 3265 1150 3321 et
1179 3259 1247 3340 ipse
1270 3258 1450 3343 lacohnmil
1481 3267 1607 3325 secutus

460 3371 597 3454 protulit.
623 3369 697 3432 Oui
718 3368 894 3448 nuperrime
925 3384 1073 3430 assensus
1094 3373 1141 3429 est
1165 3366 1218 3429 Th.
1242 3367 1434 3450 Ferghius4).
1453 3376 1484 3429 et
1507 3369 1607 3431 bern-

461 3474 638 3560 hardius5).
693 3474 803 3555 Neque
832 3483 934 3538 tamen
965 3475 998 3537 G.
1024 3474 1218 3539 Hermannus
1249 3477 1434 3537 sententiam
1468 3480 1607 3551 mutavit;

538 3605 563 3679 l)
583 3604 707 3662 Graecae
725 3605 889 3675 tragoediae
909 3604 1047 3676 principp.
1068 3615 1122 3660 etc.
1141 3623 1169 3676 p.
1190 3606 1251 3662 138.

534 3701 563 3768 2)
582 3697 626 3755 Da
643 3698 697 3753 rita
717 3696 805 3771 Sopb.
824 3696 948 3753 berolini
972 3697 1039 3753 1836
1059 3715 1086 3768 p.
1105 3699 1143 3753 84
1160 3714 1203 3771 aq.

533 3793 561 3860 ³5
579 3790 766 3858 Quaestionas
786 3789 918 3862 Sophocl.
938 3807 965 3861 p.
985 3790 1053 3845 287:
1084 3787 1223 3860 Oedipum
1243 3789 1363 3844 fabulam
1383 3801 1446 3862 post
1465 3791 1606 3864 Euripidis

461 3884 607 3948 Medeam,
631 3884 684 3938 hoc
704 3893 756 3949 eat,
775 3893 838 3955 post
857 3882 903 3938 Ol.
922 3884 967 3948 87,
989 3884 999 3937 l
1023 3883 1132 3937 doctam
1161 3900 1222 3938 esee
1251 3894 1372 3955 ponunt;
1403 3903 1454 3954 ego
1480 3905 1544 3941 vero
1574 3906 1607 3940 er

460 3977 549 4048 pratia
569 3977 597 4030 in
617 3994 649 4031 ea
669 3977 856 4048 descriptione
876 3976 922 4030 illa
943 3992 1003 4030 eam
1023 3976 1056 4029 ad
1077 3975 1123 4031 Ol.
1142 3977 1192 4042 87,
1211 3977 1228 4031 3
1247 3986 1295 4032 aut
1312 3977 1330 4031 t
1349 3977 1524 4033 referendam
1543 3998 1606 4034 ease

461 4087 704 4210 conar4c'ra1nr.c.p·
725 4137 924 4212 xxiiim:
954 4138 1080 4212 Oedipus
1106 4142 1183 4211 prior
1211 4158 1266 4212 quo
1287 4149 1411 4212 tempore
1430 4160 1445 4194 a
1465 4141 1606 4213 Sophocle

461 4239 500 4290 sit
525 4237 641 4300 doctus,
667 4252 724 4288 non
749 4244 793 4288 eat
823 4233 977 4304 proditum,
1006 4234 1189 4306 probabiliter
1216 4243 1307 4288 tamen
1328 4231 1358 4288 C.
1377 4233 1407 4288 F.
1428 4232 1606 4292 Hermannua

462 4328 586 4384 coniecit
604 4336 693 4382 actam
711 4344 773 4381 osae
793 4327 914 4380 tabulam
934 4328 1014 4382 initio
1041 4328 1107 4383 bclli
1130 4325 1375 4398 Peloponnesiaci,
1397 4346 1459 4383 com
1478 4329 1606 4385 Athenae

462 4423 583 4494 graviter
601 4421 735 4493 pestifero
755 4422 852 4476 morbo
872 4421 1039 4486 laborarent,
1059 4420 1105 4476 Ol.
1124 4424 1169 4486 ut,
1187 4423 1216 4476 3.

535 4518 561 4582 5)
582 4513 611 4568 L.
631 4533 655 4569 c.
675 4532 701 4584 p.
721 4515 787 4569 322:
808 4516 944 4579 Oldtnouc,
963 4515 1011 4567 das
1031 4512 1143 4567 lriibere
1164 4513 1260 4577 atich,
1279 4518 1373 4586 opiter
1394 4516 1532 4587 Τύραννος
1551 4516 1606 4572 he-

460 4617 564 4672 naont,
592 4626 642 4662 aua
662 4609 832 4677 ungewiaaer
856 4608 926 4669 reit;
955 4608 999 4661 die
1025 4604 1240 4675 achilderuugen
1268 4607 1304 4660 iun
1329 4608 1463 4677 cingange
1493 4608 1605 4663 konnen

459 4702 530 4757 aber
548 4701 666 4770 glauben
687 4701 818 4763 macheu,
845 4700 907 4754 dare
928 4697 1085 4771 Sopbolrlca
1113 4698 1154 4752 nie
1173 4697 1247 4753 heim
1265 4697 1368 4768 beginn
1388 4699 1437 4753 dea
1457 4697 1603 4771 Pelopon·

459 4793 612 4850 nesisohen
634 4793 744 4864 lriegca
764 4793 801 4846 im
821 4793 945 4848 triachen
966 4791 1100 4848 eindrncl
1121 4791 1170 4845 der
1189 4789 1325 4847 attiachen
1346 4801 1408 4862 pest
1428 4791 1550 4848 acbrieb.
