4142 5675
910 451 1108 552 HJ

878 623 1095 720 -tr'ss‘-

407 844 470 906 que
493 826 638 905 superbia
663 824 775 888 bellum
799 830 985 892 concitatum
1010 846 1081 893 csse
1104 826 1232 907 dicatur,
1256 824 1369 889 deinde
1390 845 1466 891 vero
1481 829 1558 892 deus

407 934 587 1014 invocetur,
604 938 639 994 nt
662 948 718 994 eos
743 934 795 1013 qui
817 934 931 998 bellum
956 934 1073 998 civitati
1095 935 1265 1016 gloriosum
1291 942 1403 1015 gerant
1425 934 1558 1018 adiuvet,

408 1039 567 1127 conciliari
589 1056 653 1102 non
677 1055 784 1119 posse.
830 1038 924 1119 Atqui
948 1057 1004 1103 eos
1026 1058 1085 1104 suo
1106 1041 1175 1102 iure
1197 1039 1275 1103 baec
1295 1039 1391 1103 verba
1415 1039 1454 1103 de
1476 1041 1559 1104 bello

409 1147 447 1209 ab
477 1146 719 1210 Atheniensibus
752 1146 875 1210 fortiter
910 1148 1054 1230 gerendo
1089 1149 1247 1229 accipere,
1278 1153 1444 1230 propterea
1476 1149 1559 1228 quod

377 1233 386 1270 ⁹
409 1252 582 1334 πάλαισμα
596 1251 691 1316 radias
712 1251 819 1326 καλῶς
840 1252 914 1332 ἔχον
928 1254 968 1318 de
983 1256 1065 1320 iusto
1089 1254 1171 1318 bello
1184 1255 1389 1336 magisquam
1407 1255 1446 1318 de
1463 1256 1560 1319 caede

410 1361 575 1443 expianda,
598 1377 688 1443 quam
712 1362 895 1424 sententiam
919 1360 1021 1423 labula
1042 1360 1196 1443 requirat,
1219 1359 1280 1422 dioi
1302 1362 1410 1441 possit.
1455 1362 1561 1442 ltaque

411 1484 448 1529 ea
471 1485 553 1548 quae
576 1465 763 1530 antecedant
790 1468 893 1547 petius
926 1467 964 1530 ad
988 1468 1184 1531 adversarios
1205 1466 1440 1531 Atheniensium
1461 1486 1560 1531 revo-

410 1574 510 1637 canda
533 1592 621 1660 esse,
639 1592 720 1654 quos
743 1581 805 1636 tum
832 1575 979 1655 temporis
1002 1575 1098 1638 luisse
1113 1575 1277 1637 Thebanos
1290 1573 1321 1658 ¹),
1344 1575 1371 1638 si
1393 1593 1455 1656 quo
1477 1584 1560 1639 tem-

410 1698 489 1760 pore
509 1679 612 1742 lahula
635 1682 746 1759 scripta
771 1682 810 1742 sit
832 1679 1077 1755 consideremus,
1100 1681 1265 1744 verisimile
1286 1676 1335 1745 sit.
1379 1681 1455 1745 Nam
1479 1682 1561 1763 quod

409 1788 451 1848 illi
473 1803 582 1866 pacem
604 1774 806 1849 violavissent
834 1794 926 1866 atque
944 1786 1018 1848 ¹hoc
1044 1786 1125 1848 lacto
1153 1788 1210 1867 ipsi
1240 1787 1271 1848 in
1298 1804 1392 1851 eausa
1420 1788 1562 1869 luissent,

408 1903 442 1958 ut
466 1872 589 1957 centum
614 1902 645 1957 et
667 1896 824 1977 octoginta
847 1894 889 1957 illi
914 1912 931 1957 a
954 1894 1183 1958 Plataeensibus
1205 1895 1453 1959 interficerentur
1463 1896 1508 1978 2),
1529 1899 1562 1959 id

396 2003 552 2065 himirom
575 2002 654 2083 apud
679 2001 888 2066 Athenienses
918 2001 1044 2065 nomine
1074 1999 1269 2086 designatum
1292 2020 1365 2066 esse
1387 2005 1560 2087 superbiae,

408 2126 493 2190 quae
523 2125 591 2170 cum
631 2107 670 2170 ad
711 2126 859 2172 summam
892 2108 1128 2190 perversitatem
1160 2112 1338 2189 pervenerit
1369 2129 1564 2194 magnaeque

408 2216 560 2298 perniciei
582 2214 685 2298 fuerit,
708 2217 827 2296 ipsein
851 2218 1069 2280 necessitatem
1092 2220 1202 2302 inruat,
1225 2233 1286 2300 qua
1308 2218 1434 2281 firmiter
1456 2222 1563 2282 oonsi-

406 2331 496 2387 stere
518 2339 580 2385 non
604 2322 705 2387 liceat.
761 2323 863 2403 Atque
897 2341 966 2386 cum
993 2341 1072 2387 sane
1100 2324 1182 2405 apud
1205 2325 1371 2389 'lhebanos
1395 2328 1484 2407 pauci
1508 2344 1563 2390 sua

408 2430 572 2494 voluntate
594 2436 688 2511 etque
713 2429 840 2494 arbitrio
863 2438 1008 2511 tanquam
1021 2431 1145 2514 tyranni
1166 2432 1387 2514 rempublicam
1406 2444 1563 2517 regerent,

410 2536 495 2617 apu'd
508 2536 706 2599 Plataeenses
720 2554 797 2599 vere
814 2528 979 2601 Naualides
1002 2538 1138 2619 eiusque*
1156 2538 1260 2622 factio,
1282 2545 1316 2601 ut
1337 2558 1484 2603 summam
1506 2539 1565 2620 ipsi

410 2644 580 2725 potentiam
604 2651 695 2725 atque
719 2645 935 2707 auctoritatem
958 2654 1243 2726 consequerentur,
1276 2648 1360 2710 cives
1390 2666 1464 2711 suos
1487 2666 1565 2727 pro-

409 2751 491 2813 dere
515 2753 619 2815 eonati
642 2751 790 2837 essent),
814 2753 897 2815 bene
919 2751 958 2816 ad
982 2752 1060 2814 haec
1084 2754 1348 2818 accommodatum
1373 2772 1460 2837 esse,
1484 2755 1566 2837 quod

409 2859 530 2922 chorus
551 2878 580 2924 v.
604 2858 668 2922 872
693 2895 735 2905 —
759 2857 824 2920 878
855 2858 938 2922 dieat
960 2861 1126 2941 tyrannide
1148 2863 1234 2944 gigni
1257 2862 1449 2945 superbiam,
1487 2881 1567 2943 quae

410 2968 536 3029 sibimet
556 2968 623 3047 ipsa
646 2966 799 3029 interitum
823 2973 922 3049 paret.
972 2966 1027 3028 His
1052 2966 1188 3048 denique
1212 2968 1280 3031 iure
1304 2970 1418 3050 opponi
1441 2969 1566 3051 glorio-

409 3093 480 3138 sum
504 3074 736 3137 Atheniensium
760 3079 927 3157 certamen,
952 3073 1034 3153 quod
1058 3090 1121 3135 non
1145 3073 1224 3137 solvi
1248 3083 1279 3138 et
1300 3074 1389 3157 finiri,
1410 3075 1466 3138 sed
1490 3076 1562 3137 lau-

408 3183 469 3246 stis
492 3182 635 3263 auspiciis
659 3180 768 3261 disque
791 3189 944 3261 perpetuo
975 3180 1192 3243 adiuvantibus
1225 3180 1264 3244 ad
1287 3181 1408 3243 laudem
1432 3182 1563 3245 civitatis

409 3289 586 3354 continuari
611 3287 723 3350 debeat
735 3285 770 3370 4).
814 3286 917 3367 Atque
941 3303 1065 3350 causam
1089 3305 1165 3350 sane
1187 3286 1299 3372 luisse,
1323 3305 1379 3351 cur
1400 3295 1493 3369 poeta
1514 3290 1564 3350 ei-

411 3396 502 3460 vlbus
525 3396 588 3458 suis
611 3394 772 3457 consilium
797 3393 929 3475 dederit,
948 3401 982 3455 ut
1004 3411 1021 3456 a
1046 3393 1127 3456 bello
1141 3392 1262 3457 fortiter
1277 3395 1416 3476 gerendo
1441 3412 1481 3457 ne
1502 3395 1562 3457 de-

409 3506 572 3567 sisterent:
594 3503 654 3565 iam
677 3509 741 3564 tum
764 3501 845 3563 enlm
871 3516 927 3563 eos
952 3499 991 3563 da
1015 3499 1098 3563 lelioi
1119 3499 1193 3563 belli
1216 3502 1299 3563 exitu
1322 3501 1489 3582 desperare
1511 3503 1563 3563 in-

410 3612 535 3691 cepisse
557 3626 660 3690 nequs
682 3607 724 3670 ita
747 3605 843 3670 multe
865 3611 936 3688 post
958 3605 1055 3668 invito
1071 3605 1189 3669 Pericle
1211 3606 1351 3670 hostibus
1360 3626 1469 3689 pacem
1485 3624 1563 3688 pro-

410 3716 555 3798 posuisse
569 3712 603 3798 ⁵).
1141 3705 1144 3709 ’
1578 3719 1581 3724 ’

498 3820 659 3901 Reliquam
693 3828 796 3883 autem
832 3817 950 3883 stasimi
979 3825 1098 3900 partem
1129 3818 1168 3881 ad
1197 3821 1293 3900 ipsam
1332 3820 1412 3882 hanc
1448 3820 1563 3883 referri

411 3927 651 3990 Atheniensium
686 3926 874 3990 debilitatem
914 3925 1148 4007 animorumque
1181 3927 1459 4009 perturbationem,
1502 3944 1563 4006 qua

412 4034 505 4098 anxie
517 4050 627 4096 causas
642 4034 707 4096 irae
722 4034 861 4117 deorum,
879 4031 1195 4116 religiones-violatas
1208 4035 1438 4114 anquisiverint.
1482 4030 1563 4094 Cer-

413 4148 475 4202 tum
499 4137 551 4201 hic
573 4138 663 4202 facile
686 4139 819 4221 perspici
843 4136 1018 4220 consilium,
1045 4137 1078 4200 id
1101 4139 1185 4223 quod
1208 4141 1298 4203 etiam
1323 4136 1467 4219 rhythmo
1491 4141 1563 4197 ante
1687 4156 1690 4161 ·

412 4245 502 4327 gravi
525 4252 556 4308 et
578 4244 720 4308 sollemni
742 4245 801 4306 iarn
825 4243 922 4307 celeri
945 4250 977 4320 et
998 4246 1127 4311 incitato
1151 4241 1354 4329 exprimatur;
1387 4250 1480 4322 atque
1502 4249 1561 4304 tam

487 4411 512 4483 l)
533 4409 621 4468 Thuc.
640 4410 675 4476 ll,
692 4414 711 4465 2
729 4430 789 4487 sqq.

483 4505 511 4579 2)
532 4503 621 4558 Tbuc.
643 4502 679 4569 ll,
697 4509 723 4561 b.

484 4599 512 4668 3)
532 4595 622 4651 Tbue.
640 4596 675 4663 ll,
694 4602 721 4653 2.

484 4691 512 4761 4)
532 4708 559 4761 p.
581 4692 643 4746 tao.

484 4783 511 4854 5)
531 4780 621 4838 Thac.
643 4781 675 4848 ΙΙ,
695 4783 739 4840 59.
